@article{splawa1990,
  title     = {On the application of probability theory to agricultural experiments. Essay on principles. Section 9.},
  author    = {Splawa-Neyman, Jerzy and Dabrowska, Dorota M and Speed, TP},
  journal   = {Statistical Science},
  pages     = {465--472},
  year      = {1990},
}

@article{dunning2008,
  author  = {Dunning, Thad},
  journal = {Political Research Quarterly},
  number  = {2},
  pages   = {282--293},
  title   = {{Improving causal inference: Strengths and limitations of natural experiments}},
  volume  = {61},
  year    = {2008}
}

@book{dunning2012,
  address   = {Cambridge, UK},
  author    = {Dunning, Thad},
  title     = {{Natural Experiments in the Social Sciences}},
  year      = {2012}
}

@article{robinson2009,
  author  = {Robinson, Gregory and McNulty, John and Krasno, Jonathan S.},
  journal = {Political Analysis},
  number  = {4},
  pages   = {341 -- 357},
  title   = {{Observing the Counterfactual? The Search for Political Experiments in Nature}},
  volume  = {17},
  year    = {2009}
}

@article{meyer1995,
  author          = {Meyer, Bruce D.},
  journal         = {Journal of Business and Economic Statistics},
  keywords        = {Comparison groups,Control groups,Difference in differences,Exogeneity,Experimental design,Observational studies},
  title           = {{Natural and quasi-experiments in economics}},
  year            = {1995}
}

@article{rosenzweig2000,
  author   = {Rosenzweig, Mark R and Wolpin, Kenneth I},
  journal  = {Journal of Economic Literature},
  title    = {{Natural “Natural Experiments” in Economics}},
  year     = {2000}
}

@article{sieweke2019,
  title     = {Natural experiments in leadership research: An introduction, review, and guidelines},
  author    = {Sieweke, Jost and Santoni, Simone},
  journal   = {The Leadership Quarterly},
  pages     = {101338},
  year      = {2019},
}

@article{starr1997,
  author  = {Starr, Norton},
  journal = {Journal of Statistics Education},
  number  = {2},
  pages   = {1997},
  title   = {{Nonrandom Risk: The 1970 Draft Lottery}},
  volume  = {5},
  year    = {1997}
}

@article{belloc2016,
  author  = {Belloc, Marianna and Drago, Francesco and Galbiati, Roberto},
  journal = {Quarterly Journal of Economics},
  number  = {4},
  pages   = {1875--1926},
  title   = {{Earthquakes, religion, and transition to selfgovernment in italian cities}},
  volume  = {131},
  year    = {2016}
}

@article{azoulay2010,
  author   = {Azoulay, Pierre and Zivin, Joshua
            S. Graff and Wang, Jialan},
  journal  = {Quarterly Journal of Economics},
  number   = {May},
  pages    = {549--589},
  title    = {{Superstar Extinction}},
  year     = {2010}
}

@article{gonzalez2018,
  title     = {Advancing theory by assessing boundary conditions with metaregression: A critical review and best-practice recommendations},
  author    = {Gonzalez-Mul{\'e}, Erik and Aguinis, Herman},
  journal   = {Journal of Management},
  volume    = {44},
  number    = {6},
  pages     = {2246--2273},
  year      = {2018},
}

@article{rindova2018,
  title     = {The good, the bad, and the ugly of organizational rankings: A multidisciplinary review of the literature and directions for future research},
  author    = {Rindova, Violina P and Martins, Luis L and Srinivas, Santosh B and Chandler, David},
  journal   = {Journal of Management},
  volume    = {44},
  number    = {6},
  pages     = {2175--2208},
  year      = {2018},
}

@article{semadeni2014,
  author    = {Semadeni, Matthew and Withers, Michael C. and {Trevis Certo}, S.},
  journal   = {Strategic Management Journal},
  number    = {7},
  pages     = {1070--1079},
  title     = {{The perils of endogeneity and instrumental variables in strategy research: Understanding through simulations}},
  volume    = {35},
  year      = {2014}
}

@article{gallus2016,
  author    = {Gallus, Jana and Frey, Bruno S.},
  journal   = {Strategic Management Journal},
  keywords  = {awards,managerial discretion,motivation,role models,strategic HRM,value creation and capture},
  number    = {8},
  pages     = {1699--1714},
  title     = {{Awards: A strategic management perspective}},
  volume    = {37},
  year      = {2016}
}

@article{chakrabarti2015,
  author    = {Chakrabarti, Abhirup},
  journal   = {Strategic Management Journal},
  keywords  = {business growth,economic shock,emerging markets,financial slack,product diversification},
  number    = {11},
  pages     = {1717--1738},
  title     = {{Organizational adaptation in an economic shock: The role of growth reconfiguration}},
  volume    = {36},
  year      = {2015}
}

@article{karim2012,
  author   = {Karim, Samina and Williams, Charles},
  journal  = {Strategic Management Journal},
  number   = {6},
  pages    = {681--709},
  title    = {{Structural knowledge: How executive experience with structural composition affects intrafirm mobility and unit reconfiguration}},
  volume   = {33},
  year     = {2012}
}

@article{grigoriou2017,
  author    = {Grigoriou, Konstantinos and Rothaermel, Frank T.},
  issn      = {10970266},
  journal   = {Strategic Management Journal},
  number    = {2},
  pages     = {395--414},
  title     = {{Organizing for knowledge generation: internal knowledge networks and the contingent effect of external knowledge sourcing}},
  volume    = {38},
  year      = {2017}
}

@article{makadok2011,
  author    = {Makadok, Richard},
  journal = {Journal of Management},
  number    = {5},
  pages     = {1316--1334},
  title     = {{The four theories of profit and their joint effects}},
  volume    = {37},
  year      = {2011}
}

@article{shaver2020,
  title     = {Causal identification through a cumulative body of research in the study of strategy and organizations},
  author    = {Shaver, J Myles},
  journal   = {Journal of Management},
  volume    = {46},
  number    = {7},
  pages     = {1244--1256},
  year      = {2020},
}

@article{hsu2006,
  author   = {Hsu, David H.},
  journal  = {Management Science},
  number   = {2},
  pages    = {2014 -- 219},
  title    = {{Venture Capitalists and Cooperative Start-Up Commercialization Strategy}},
  volume   = {52},
  year     = {2006}
}

@article{zolotoy2018,
  author   = {Zolotoy, Leon and O'Sullivan, Don and Martin, Geoffrey P. and Veeraraghavan, Madhu},
  journal  = {Journal of Management},
  pages    = {014920631877117},
  title    = {{The Role of Affect in Shaping the Behavioral Consequences of CEO Option Incentives}},
  year     = {2018}
}

@article{flammer2015,
  author  = {Flammer, C},
  journal = {Management Science},
  number  = {11},
  pages   = {2549--2568},
  title   = {{Does corporate social responsibility lead to superior financial performance? A regression discontinuity approach}},
  volume  = {61},
  year    = {2015}
}

@article{powell2017,
  author    = {Powell, E. Erin and Baker, Ted},
  journal = {Academy of Management Journal},
  number    = {6},
  pages     = {2381--2414},
  title     = {{In the beginning: Identity processes and organizing in multi-founder nascent ventures}},
  volume    = {60},
  year      = {2017}
}

@article{boyle2011,
  author  = {Boyle, Elizabeth and Shapira, Zur},
  issn    = {1047-7039},
  journal = {Organization Science},
  number  = {4},
  pages   = {1100--1113},
  title   = {{ The Liability of Leading: Battling Aspiration and Survival Goals in the Jeopardy! Tournament of Champions }},
  volume  = {23},
  year    = {2011}
}
