@article{Baptista2011,
  author   = {Baptista, Rui and Lima, Francisco and Mendon{\c{c}}a, Joana},
  journal  = {Research Policy},
  keywords = {Entry rates,Policy evaluation,Propensity scores,Regional development,Universities},
  number   = {5},
  pages    = {751--760},
  title    = {{Establishment of higher education institutions and new firm entry}},
  volume   = {40},
  year     = {2011}
}
