% -- C -----------------------------------------------------------------------
@article{cai2019159,
  author                  = {Cai, J. and Shi, G.},
  Title                   = {Do Religious Norms Influence Corporate Debt Financing?},
  journal                 = {Journal of Business Ethics},
  year                    = {2019},
  volume                  = {157},
  number                  = {1},
  pages                   = {159-182},
  affiliation             = {LeBow College of Business, Drexel University, Philadelphia, PA  19103, United States; Antai College of Economics and Management, Shanghai Jiao Tong University, Shanghai, China},
  correspondence_address1 = {Cai, J.; LeBow College of Business, United States; email: jaycai@drexel.edu},
  language                = {English},
  Abbrev_Source_Title     = {J. Bus. Ethics},
  document_type           = {Article},
  source                  = {Scopus}
}

% -- G -----------------------------------------------------------------------
@article{gupta2020802,
  author              = {Gupta, V.K. and Mortal, S. and Chakrabarty, B. and Guo, X. and Turban, D.B.},
  Title               = {Cfo Gender and Financial Statement Irregularities},
  journal             = {Academy of Management Journal},
  year                = {2020},
  volume              = {63},
  number              = {3},
  pages               = {802-831},
  affiliation         = {Department of Management, Culverhouse College of Business, University of Alabama, United States; Saint Louis University, United States; Department of Management, Robert J. Trulaske, Sr. College of Business, University of Missouri, United States},
  language            = {English},
  Abbrev_Source_title = {Acad. Manage. J.},
  document_type       = {Article},
  source              = {Scopus}
}

% -- S -----------------------------------------------------------------------
@article{seebeck2021,
  author                  = {Seebeck, A. and Vetter, J.},
  Title                   = {Not Just a Gender Numbers Game: How Board Gender Diversity Affects Corporate Risk Disclosure},
  journal                 = {Journal of Business Ethics},
  year                    = {2021},
  affiliation             = {University of Erlangen Nuremberg, Lange Gasse 20, Nuremberg, 90403, Germany},
  correspondence_address1 = {Seebeck, A.; University of Erlangen Nuremberg, Lange Gasse 20, Germany; email: andreas.seebeck@fau.de},
  language                = {English},
  Abbrev_Source_Title     = {J. Bus. Ethics},
  document_type           = {Article},
  source                  = {Scopus}
}

% -- V -----------------------------------------------------------------------
@article{vergne20121027,
  author                  = {Vergne, J.-P.},
  Title                   = {Stigmatized Categories and Public Disapproval of Organizations: A Mixed-Methods Study of the Global Arms Industry, 1996-2007},
  journal                 = {Academy of Management Journal},
  year                    = {2012},
  volume                  = {55},
  number                  = {5},
  pages                   = {1027-1052},
  affiliation             = {Western University, Canada},
  correspondence_address1 = {Vergne, J.-P.; Western UniversityCanada; email: jvergne@ivey.ca},
  language                = {English},
  Abbrev_Source_Title     = {Acad. Manage. J.},
  document_type           = {Article},
  source                  = {Scopus}
}
