
% -- G -----------------------------------------------------------------------
@article{gupta2020802,
  author              = {Gupta, V.K. and Mortal, S. and Chakrabarty, B. and Guo, X. and Turban, D.B.},
  Title               = {Cfo Gender and Financial Statement Irregularities},
  journal             = {Academy of Management Journal},
  year                = {2020},
  volume              = {63},
  number              = {3},
  pages               = {802-831},
  note                = {cited By 14},
  affiliation         = {Department of Management, Culverhouse College of Business, University of Alabama, United States; Saint Louis University, United States; Department of Management, Robert J. Trulaske, Sr. College of Business, University of Missouri, United States},
  language            = {English},
  Abbrev_Source_title = {Acad. Manage. J.},
  document_type       = {Article},
  source              = {Scopus}
}

% -- V -----------------------------------------------------------------------
@article{vergne20121027,
  author                  = {Vergne, J.-P.},
  Title                   = {Stigmatized Categories and Public Disapproval of Organizations: A Mixed-Methods Study of the Global Arms Industry, 1996-2007},
  journal                 = {Academy of Management Journal},
  year                    = {2012},
  volume                  = {55},
  number                  = {5},
  pages                   = {1027-1052},
  note                    = {cited By 179},
  affiliation             = {Western University, Canada},
  correspondence_address1 = {Vergne, J.-P.; Western UniversityCanada; email: jvergne@ivey.ca},
  language                = {English},
  Abbrev_Source_Title     = {Acad. Manage. J.},
  document_type           = {Article},
  source                  = {Scopus}
}

