@article{knott2001,
author = {Knott, Anne Marie},
journal = {Management Science},
number = {3},
pages = {430--448},
title = {{The Dynamic Value of Hierarchy}},
volume = {47},
year = {2001}
}
@article{lilien2002,
author = {Lilien, Gary L. and Morrison, Pamela D. and Searls, Kathleen and Sonnack, Mary and {Von Hippel}, Eric},
journal = {Management Science},
number = {8},
pages = {1042--1059},
title = {{Performance Assessment of the Lead User Idea-Generation Process for New Product Development}},
volume = {48},
year = {2002}
}
@article{knott2003,
author = {Knott, Anne Marie},
journal = {Strategic Management Journal},
number = {10 SPEC ISS.},
pages = {929--943},
title = {{The Organizational Routines Factor Market Paradox}},
volume = {24},
year = {2003}
}
@article{makhija2003,
author = {Makhija, Mona},
journal = {Strategic Management Journal},
number = {5},
pages = {433--451},
title = {{Comparing the Resource-Based and Market-Based Views of the Firm: Empirical Evidence from Czech Privatization}},
volume = {24},
year = {2003}
}
@article{hann2003,
author = {Hann, Il Horn and Terwiesch, Christian},
journal = {Management Science},
number = {11},
pages = {1563--1579},
title = {{Measuring the Frictional Costs of Online Transactions: The Case of a Name-Your-Own-Price Channel}},
volume = {49},
year = {2003}
}
@article{west2004,
author = {West, Tim and Ravenscroft, Sue Pickard and Shrader, Charles B.},
journal = {Journal of Business Ethics},
number = {2},
pages = {173--183},
title = {{Cheating and Moral Judgment in the College Classroom: A Natural Experiment}},
volume = {54},
year = {2004}
}
@article{hitt2004,
author = {Hitt, Michael A. and Ahlstrom, David and Dacin, M. Tina and Levitas, Edward and Svobodina, Lilia},
journal = {Organization Science},
number = {2},
pages = {173--185},
title = {{The Institutional Effects on Strategic Alliance Partner Selection in Transition Economies: China Vs. Russia}},
volume = {15},
year = {2004}
}
@article{hoskisson2005,
author = {Hoskisson, Robert E and Beal, Brent D and Wan, William P},
journal = {Academy of Management Journal},
number = {2},
pages = {297--319},
title = {{Explaining the Clustering of International Expansion Moves : A Critical Test in the U.S. Telecommunications Industry}},
volume = {48},
year = {2005}
}
@article{kriger2005,
author = {Kriger, Mark and Seng, Yvonne},
journal = {Leadership Quarterly},
number = {5},
pages = {771--806},
title = {{Leadership with Inner Meaning: A Contingency Theory of Leadership Based on the Worldviews of Five Religions}},
volume = {16},
year = {2005}
}
@article{park2005,
author = {Park, Namgyoo K. and Mezias, John M.},
journal = {Strategic Management Journal},
number = {11},
pages = {987--1007},
title = {{Before and After the Technology Sector Crash: The Effect of Environmental Munificence on Stock Market Response to Alliances of E-Commerce Firms}},
volume = {26},
year = {2005}
}
@article{yiu2005,
author = {Yiu, Daphne and Bruton, Garry D. and Lu, Yuan},
journal = {Journal of Management Studies},
number = {1},
pages = {183--206},
title = {{Understanding Business Group Performance in an Emerging Economy: Acquiring Resources and Capabilities in Order to Prosper}},
volume = {42},
year = {2005}
}
@article{maccormack2006,
author = {MacCormack, Alan and Rusnak, John and Baldwin, Carliss Y.},
journal = {Management Science},
number = {7},
pages = {1015--1030},
title = {{Exploring the Structure of Complex Software Designs: An Empirical Study of Open Source and Proprietary Code}},
volume = {52},
year = {2006}
}
@article{kuilman2006,
author = {Kuilman, Jeroen and Li, Jiatao},
journal = {Organization Science},
number = {3},
pages = {385--401},
title = {{The Organizers' Ecology: An Empirical Study of Foreign Banks in Shanghai}},
volume = {17},
year = {2006}
}
@article{cho2006,
author = {Cho, Theresa S. and Hambrick, Donald C.},
journal = {Organization Science},
number = {4},
pages = {453--469},
title = {{Attention as the Mediator Between Top Management Team Characteristics and Strategic Change: The Case of Airline Deregulation}},
volume = {17},
year = {2006}
}
@article{szulanski2006,
author = {Szulanski, Gabriel and Jensen, Robert J.},
journal = {Strategic Management Journal},
number = {10},
pages = {937--957},
title = {{Presumptive Adaptation and the Effectiveness of Knowledge Transfer}},
volume = {27},
year = {2006}
}
@article{kalnins2006,
author = {Kalnins, Arturs and Swaminathan, Anand and Mitchell, Will},
journal = {Organization Science},
number = {1},
pages = {118--131},
title = {{Turnover Events, Vicarious Information, and the Reduced Likelihood of Outlet-Level Exit among Small Multiunit Organizations}},
volume = {17},
year = {2006}
}
@article{balachandran2006,
author = {Balachandran, Sudhakar V.},
journal = {Management Science},
number = {3},
pages = {383--394},
title = {{How Does Residual Income Affect Investment? the Role of Prior Performance Measures}},
volume = {52},
year = {2006}
}
@article{moliterno2007,
author = {Moliterno, Thomas P. and Wiersema, Margarethe F.},
journal = {Strategic Management Journal},
number = {11},
pages = {1065--1087},
title = {{Firm Performance, Rent Appropriation, and the Strategic Resource Divestment Capability}},
volume = {28},
year = {2007}
}
@article{tan2007,
author = {Tan, Justin},
journal = {Journal of Business Venturing},
number = {1},
pages = {77--96},
title = {{Phase Transitions and Emergence of Entrepreneurship: The Transformation of Chinese Soes over Time}},
volume = {22},
year = {2007}
}
@article{girotra2007,
author = {Girotra, Karan and Terwiesch, Christian and Ulrich, Karl T.},
journal = {Management Science},
number = {9},
pages = {1452--1466},
title = {{Valuing R\&D Projects in a Portfolio: Evidence from the Pharmaceutical Industry}},
volume = {53},
year = {2007}
}
@article{jensen2008,
author = {Jensen, Michael and Roy, Aradhana},
journal = {Academy of Management Journal},
number = {3},
pages = {495--516},
title = {{Staging Exchange Partner Choices: When Do Status and Reputation Matter?}},
volume = {51},
year = {2008}
}
@article{tucker2008,
author = {Tucker, Catherine E.},
journal = {Management Science},
number = {12},
pages = {2024 -- 2038},
title = {{Identifying Formal and Informal Influence in Technology Adoption with Network Externalities}},
volume = {54},
year = {2008}
}
@article{fosfuri2008,
author = {Fosfuri, Andrea and Giarratana, Marco S.},
journal = {Management Science},
number = {2},
pages = {181--191},
title = {{Masters of War: Rivals' Product Innovation and New Advertising in Mature Product Markets}},
volume = {55},
year = {2008}
}
@article{kacperczyk2009,
author = {Kacperczyk, Aleksandra},
journal = {Strategic Management Journal},
number = {3},
pages = {261--285},
title = {{With Greater Power Comes Greater Responsibility? Takeover Protection and Corporate Attention to Stakeholders}},
volume = {30},
year = {2009}
}
@article{saito2009,
author = {Saito, Yoko and Saito, Hisamitsu and Kondo, Takumi and Osanami, Fumio},
journal = {Research Policy},
number = {8},
pages = {1365--1375},
title = {{Quality-Oriented Technical Change in Japanese Wheat Breeding}},
volume = {38},
year = {2009}
}
@article{lee2009,
author = {Lee, Seung Hyun and Makhija, Mona},
journal = {Strategic Management Journal},
number = {5},
pages = {537--555},
title = {{Flexibility in Internationalization: Is It Valuable During an Economic Crisis?}},
volume = {30},
year = {2009}
}
@article{sine2009,
author = {Sine, Wesley D. and Lee, Brandon H.},
journal = {Administrative Science Quarterly},
number = {1},
pages = {123--155},
title = {{Tilting at Windmills? the Environmental Movement and the Emergence of the U.S. Wind Energy Sector}},
volume = {54},
year = {2009}
}
@article{marx2009,
author = {Marx, Matt and Strumsky, Deborah and Fleming, Lee},
journal = {Management Science},
number = {6},
pages = {875--889},
title = {{Mobility, Skills, and the Michigan Non-Compete Experiment}},
volume = {55},
year = {2009}
}
@article{siegel2009,
author = {Siegel, Jordan I. and Larson, Barbara Zepp},
journal = {Management Science},
number = {9},
pages = {1527--1546},
title = {{Labor Market Institutions and Global Strategic Adaptation: Evidence from Lincoln Electric}},
volume = {55},
year = {2009}
}
@article{doi:10.1002/smj.752,
author = {Lim, Elizabeth Ngah Kiing and Das, Shobha S. and Das, Amit and {Ngah-Kiing Lim}, Elizabeth and Das, Shobha S. and Das, Amit},
journal = {Strategic Management Journal},
number = {6},
pages = {577--594},
title = {{Diversification Strategy, Capital Structure, and the Asian Financial Crisis (1997–1998): Evidence from Singapore Firms}},
volume = {30},
year = {2009}
}
@article{forman2009,
author = {Forman, Chris and Ghose, Anindya and Goldfarb, Avi},
journal = {Management Science},
number = {1},
pages = {47 -- 57},
title = {{Competition Between Local and Electronic Markets: How the Benefit of Buying Online Depends on Where You Live}},
volume = {55},
year = {2009}
}
@article{wan2009,
author = {Wan, William P. and Yiu, Daphne W.},
journal = {Strategic Management Journal},
number = {7},
pages = {791--801},
title = {{From Crisis to Opportunity: Environmental Jolt, Corporate Acquisitions, and Firm Performance}},
volume = {30},
year = {2009}
}
@article{zhang2009,
author = {Zhang, Yan and Wiersema, Margarethe F.},
journal = {Strategic Management Journal},
number = {7},
pages = {693--710},
title = {{Stock Market Reaction to Ceo Certification: The Signaling Role of Ceo Background}},
volume = {30},
year = {2009}
}
@article{mithas2010,
author = {Mithas, Sunil and Lucas, Henry C.},
journal = {Management Science},
number = {5},
pages = {745--765},
title = {{Are Foreign It Workers Cheaper? U.S. Visa Policies and Compensation of Information Technology Professionals}},
volume = {56},
year = {2010}
}
@article{rawley2010,
author = {Rawley, Evan},
journal = {Strategic Management Journal},
number = {8},
pages = {873--891},
title = {{Diversification, Coordination Costs, and Organizational Rigidity: Evidence from Microdata}},
volume = {31},
year = {2010}
}
@article{cumming2010,
author = {Cumming, Douglas and Johan, Sofia},
journal = {Entrepreneurship: Theory and Practice},
number = {5},
pages = {857--883},
title = {{The Differential Impact of the Internet on Spurring Regional Entrepreneurship}},
volume = {34},
year = {2010}
}
@article{jackson2010,
author = {Jackson, Scott},
journal = {Entrepreneurship: Theory and Practice},
number = {5},
pages = {909--931},
title = {{Mulling over Massachusetts: Health Insurance Mandates and Entrepreneurs}},
volume = {34},
year = {2010}
}
@article{simcoe2010,
author = {Simcoe, Timothy S. and Waguespack, Dave M.},
journal = {Management Science},
number = {2},
pages = {274--290},
title = {{Status, Quality, and Attention: What'S in a (Missing) Name?}},
volume = {57},
year = {2011}
}
@article{menon2011,
author = {Menon, Tanya and Phillips, Katherine W.},
journal = {Organization Science},
number = {3},
pages = {738--753},
title = {{Getting Even or Being at Odds? Cohesion in Even- and Odd-Sized Small Groups}},
volume = {22},
year = {2011}
}
@article{baptista2011,
author = {Baptista, Rui and Lima, Francisco and Mendon{\c{c}}a, Joana},
journal = {Research Policy},
number = {5},
pages = {751--760},
title = {{Establishment of Higher Education Institutions and New Firm Entry}},
volume = {40},
year = {2011}
}
@article{wang2011,
author = {Wang, Maobin and Qiu, Chun and Kong, Dongmin},
journal = {Journal of Business Ethics},
number = {1},
pages = {127--141},
title = {{Corporate Social Responsibility, Investor Behaviors, and Stock Market Returns: Evidence from a Natural Experiment in China}},
volume = {101},
year = {2011}
}
@article{li2011,
author = {Li, Sali and Tallman, Stephen},
journal = {Strategic Management Journal},
number = {10},
pages = {1119--1127},
title = {{Mnc Strategies, Exogenous Shocks, and Performance Outcomes}},
volume = {32},
year = {2011}
}
@article{briscoe2011,
author = {Briscoe, Forrest and Tsai, Wenpin},
journal = {Administrative Science Quarterly},
number = {3},
pages = {408--440},
title = {{Overcoming Relational Inertia: How Organizational Members Respond to Acquisition Events in a Law Firm}},
volume = {56},
year = {2011}
}
@article{goldfarb2011,
author = {Goldfarb, Avi and Tucker, Catherine E.},
journal = {Management Science},
number = {3},
pages = {458 -- 470},
title = {{Search Engine Advertising: Channel Substitution When Pricing Ads to Context}},
volume = {57},
year = {2011}
}
@article{doi:10.1002/smj.1965,
author = {Agarwal, Rajshree and Anand, Jaideep and Bercovitz, Janet and Croson, Rachel},
journal = {Strategic Management Journal},
number = {6},
pages = {710--733},
title = {{Spillovers Across Organizational Architectures: The Role of Prior Resource Allocation and Communication in Post-Acquisition Coordination Outcomes}},
volume = {33},
year = {2012}
}
@article{campbell2012,
author = {Campbell, Joanna Tochman and Campbell, T. Colin and Sirmon, David G. and Bierman, Leonard and Tuggle, Christopher S.},
journal = {Strategic Management Journal},
number = {12},
pages = {1431--1451},
title = {{Shareholder Influence over Director Nomination Via Proxy Access: Implications for Agency Conflict and Stakeholder Value}},
volume = {33},
year = {2012}
}
@article{jeong2012,
author = {Jeong, Yujin and Weiner, Robert J.},
journal = {Strategic Management Journal},
number = {12},
pages = {1363--1383},
title = {{Who Bribes? Evidence from the United Nations' Oil-For-Food Program}},
volume = {33},
year = {2012}
}
@article{holderness2012,
author = {Holderness, Clifford G. and Pontiff, Jeffrey},
journal = {Management Science},
number = {10},
pages = {1873--1886},
title = {{Hierarchies and the Survival of Prisoners of War During World War Ii}},
volume = {58},
year = {2012}
}
@article{apesteguia2012,
author = {Apesteguia, Jose and Palacios-Huerta, Ignacio Isabel},
journal = {Management Science},
number = {8},
pages = {1585 -- 1591},
title = {{Psychological Pressure in Competitive Environments: Evidence from a Randomized Natural Experiment}},
volume = {58},
year = {2012}
}
@article{kacperczyk2012,
author = {Kacperczyk, Aleksandra J.},
journal = {Administrative Science Quarterly},
number = {3},
pages = {484--521},
title = {{Opportunity Structures in Established Firms: Entrepreneurship versus Intrapreneurship in Mutual Funds}},
volume = {57},
year = {2012}
}
@article{rubineau2011,
author = {Rubineau, Brian and Kang, Yoon},
journal = {Management Science},
number = {4},
pages = {660--677},
title = {{Bias in White: A Longitudinal Natural Experiment Measuring Changes in Discrimination}},
volume = {58},
year = {2012}
}
@article{oettl2012,
author = {Oettl, Alexander},
journal = {Management Science},
number = {6},
pages = {1122--1140},
title = {{Reconceptualizing Stars: Scientist Helpfulness and Peer Performance}},
volume = {58},
year = {2012}
}
@article{rawley2013,
author = {Rawley, Evan and Simcoe, Timothy},
journal = {Organization Science},
number = {3},
pages = {831 -- 845},
title = {{Information Technology, Productivity and Asset Ownership: Evidence from Taxicab Fleets}},
volume = {24},
year = {2013}
}
@article{wyrwich2013,
author = {Wyrwich, Michael},
journal = {Journal of Business Venturing},
number = {5},
pages = {667--682},
title = {{Can Socioeconomic Heritage Produce a Lost Generation with Regard to Entrepreneurship?}},
volume = {28},
year = {2013}
}
@article{wei2013,
author = {Wei, Zaiyan and Lin, Mingfeng},
journal = {Management Science},
number = {12},
pages = {4263 -- 4257},
title = {{Market Mechanisms in Online Peer-To-Peer Lending}},
volume = {63},
year = {2013}
}
@article{vasudeva2013,
author = {Vasudeva, Gurneeta},
journal = {Organization Science},
number = {6},
pages = {1662--1682},
title = {{Weaving Together the Normative and Regulative Roles of Government: How the Norwegian Sovereign Wealth Fund'S Responsible Conduct Is Shaping Firms' Cross-Border Investments}},
volume = {24},
year = {2013}
}
@article{fabrizio2013,
author = {Fabrizio, Kira R. and Hawn, Olga},
journal = {Research Policy},
number = {5},
pages = {1099--1111},
title = {{Enabling Diffusion: How Complementary Inputs Moderate the Response to Environmental Policy}},
volume = {42},
year = {2013}
}
@article{leung2014,
author = {Leung, Ming D. and Sharkey, Amanda J.},
journal = {Organization Science},
number = {1},
pages = {171--184},
title = {{Out of Sight, Out of Mind? Evidence of Perceptual Factors in the Multiple-Category Discount}},
volume = {25},
year = {2014}
}
@article{tan2014,
author = {Tan, Tom Fangyun and Netessine, Serguei},
journal = {Management Science},
number = {6},
pages = {1574--1593},
title = {{When Does the Devil Make Work? an Empirical Study of the Impact of Workload on Worker Productivity}},
volume = {60},
year = {2014}
}
@article{wang2014,
author = {Wang, Richard D. and Shaver, J. Myles},
journal = {Strategic Management Journal},
number = {11},
pages = {1585--1604},
title = {{Competition-Driven Repositioning}},
volume = {35},
year = {2014}
}
@article{jung2014,
author = {Jung, Hyun Ju and Lee, Jeongsik Jay},
journal = {Research Policy},
number = {1},
pages = {74--91},
title = {{The Impacts of Science and Technology Policy Interventions on University Research: Evidence from the U.S. National Nanotechnology Initiative}},
volume = {43},
year = {2014}
}
@article{crane2014,
author = {Crane, Alan D. and Koch, Andrew},
journal = {Management Science},
number = {1},
pages = {5 --23},
title = {{Shareholder Litigation and Ownership Structure: Evidence from a Natural Experiment}},
volume = {64},
year = {2014}
}
@article{chakravarti2014,
author = {Chakravarti, Arjun and Menon, Tanya and Winship, Christopher},
journal = {Organization Science},
number = {4},
pages = {1216--1233},
title = {{Contact and Group Structure: A Natural Experiment of Interracial College Roommate Groups}},
volume = {25},
year = {2014}
}
@article{knittel2014,
author = {Knittel, Christopher R. and Stango, Victor},
journal = {Management Science},
number = {1},
pages = {21--37},
title = {{Celebrity Endorsements, Firm Value, and Reputation Risk: Evidence from the Tiger Woods Scandal}},
volume = {60},
year = {2014}
}
@article{aggarwal2014,
author = {Aggarwal, Vikas A. and Wu, Brian},
journal = {Organization Science},
number = {1},
pages = {218--238},
title = {{Organizational Constraints to Adaptation: Intrafirm Asymmetry in the Locus of Coordination}},
volume = {26},
year = {2014}
}
@article{kogut2014,
author = {Kogut, Bruce and Colomer, Jordi and Belinky, Mariano},
journal = {Strategic Management Journal},
number = {6},
pages = {891--902},
title = {{Structural Equality at the Top of the Corporation: Mandated Quotas for Women Directors}},
volume = {35},
year = {2014}
}
@article{danaher2014,
author = {Danaher, Brett and Huang, Yan and Smith, Michael D. and Telang, Rahul},
journal = {Management Science},
number = {6},
pages = {1413 -- 1433},
title = {{An Empirical Analysis of Digital Music Bundling Strategies}},
volume = {60},
year = {2014}
}
@article{ault2014,
author = {Ault, Joshua K. and Spicer, Andrew},
journal = {Strategic Management Journal},
number = {12},
pages = {1818--1838},
title = {{The Institutional Context of Poverty: State Fragility as a Predictor of Cross-National Variation in Commercial Microfinance Lending}},
volume = {35},
year = {2014}
}
@article{zhu2014,
author = {Zhu, Hongjin and Chung, Chi Nien},
journal = {Administrative Science Quarterly},
number = {4},
pages = {599--638},
title = {{Portfolios of Political Ties and Business Group Strategy in Emerging Economies: Evidence from Taiwan}},
volume = {59},
year = {2014}
}
@article{bowers2014,
author = {Bowers, Anne H. and Greve, Henrich R. and Mitsuhashi, Hitoshi and Baum, Joel A.C.},
journal = {Academy of Management Journal},
number = {1},
pages = {38--62},
title = {{Competitive Parity, Status Disparity, and Mutual Forbearance: Securities Analysts' Competition for Investor Attention}},
volume = {57},
year = {2014}
}
@article{raosahib2015,
author = {{Rao Sahib}, Padma},
journal = {Journal of Business Ethics},
number = {2},
pages = {205--218},
title = {{Status, Peer Influence, and Racio-Ethnic Diversity in Times of Institutional Change: An Examination from European Labour Law}},
volume = {126},
year = {2015}
}
@article{hasan2015,
author = {Hasan, Sharique and Bagde, Surendrakumar},
journal = {Management Science},
number = {10},
pages = {2536--2547},
title = {{Peers and Network Growth: Evidence from a Natural Experiment}},
volume = {61},
year = {2015}
}
@article{marx2015,
author = {Marx, Matt and Singh, Jasjit and Fleming, Lee},
journal = {Research Policy},
number = {2},
pages = {394--404},
title = {{Regional Disadvantage? Employee Non-Compete Agreements and Brain Drain}},
volume = {44},
year = {2015}
}
@article{flammer2015,
author = {Flammer, Caroline},
journal = {Strategic Management Journal},
number = {10},
pages = {1469--1485},
title = {{Does Product Market Competition Foster Corporate Social Responsibility? Evidence from Trade Liberalization}},
volume = {36},
year = {2015}
}
@article{jia2015,
author = {Jia, Ming and Zhang, Zhe},
journal = {Journal of Business Ethics},
number = {1},
pages = {93--114},
title = {{News Visibility and Corporate Philanthropic Response: Evidence from Privately Owned Chinese Firms Following the Wenchuan Earthquake}},
volume = {129},
year = {2015}
}
@article{goh2015,
author = {Goh, Khim Yong and Hui, Kai-Lung and Png, Ivan P. L.},
journal = {Management Science},
number = {12},
pages = {2982 -- 3000},
title = {{Privacy and Marketing Externalities: Evidence from Do Not Call}},
volume = {61},
year = {2015}
}
@article{goldfarb2015,
author = {Goldfarb, Avi and Tucker, Catherine E.},
journal = {Management Science},
number = {11},
pages = {2707 -- 2719},
title = {{Standardization and the E Ffectiveness of Online Advertising}},
volume = {61},
year = {2015}
}
@article{park2015,
author = {Park, Hyunwoo and Lee, Jeongsik and Kim, Byung Cheol},
journal = {Research Policy},
number = {6},
pages = {1145--1159},
title = {{Project Selection in Nih: A Natural Experiment from Arra}},
volume = {44},
year = {2015}
}
@article{kacperczyk2015,
author = {Kacperczyk, Aleksandra and Beckman, Christine M. and Moliterno, Thomas P.},
journal = {Administrative Science Quarterly},
number = {2},
pages = {228--262},
title = {{Disentangling Risk and Change: Internal and External Social Comparison in the Mutual Fund Industry}},
volume = {60},
year = {2015}
}
@article{younge2015,
author = {Younge, Kenneth A. and Tong, Tony W. and Fleming, Lee},
journal = {Strategic Management Journal},
number = {5},
pages = {686--708},
title = {{How Anticipated Employee Mobility Affects Acquisition Likelihood: Evidence from a Natural Experiment}},
volume = {36},
year = {2015}
}
@article{chown2015,
author = {Chown, Jillian D. and Liu, Christopher C.},
journal = {Strategic Management Journal},
number = {2},
pages = {177--196},
title = {{Geography and Power in an Organizational Forum: Evidence from the U.S. Senate Chamber}},
volume = {36},
year = {2015}
}
@article{flammer2016,
author = {Flammer, Caroline and Kacperczyk, Aleksandra},
journal = {Management Science},
number = {7},
pages = {1982 -- 2001},
title = {{The Impact of Stakeholder Orientation on Innovation: Evidence from a Natural Experiment}},
volume = {62},
year = {2016}
}
@article{albring2016,
author = {Albring, Susan and Banyi, Monica and Dhaliwal, Dan S. and Pereira, Raynolde},
journal = {Management Science},
number = {2},
pages = {456 -- 478},
title = {{Does the Firm Information Environment Influence Financing Decisions? a Test Using Disclosure Regulation}},
volume = {62},
year = {2016}
}
@article{wang2016,
author = {Chen, Guoli and Crossland, Craig and Huang, Sterling},
journal = {Strategic Management Journal},
number = {2},
pages = {303--313},
title = {{Female Board Representation and Corporate Acquisition Intensity}},
volume = {37},
year = {2016}
}
@article{gomulya2016,
author = {Gomulya, David and Boeker, Warren},
journal = {Strategic Management Journal},
number = {9},
pages = {1898--1918},
title = {{Reassessing Board Member Allegiance: Ceo Replacement Following Financial Misconduct}},
volume = {37},
year = {2016}
}
@article{kaustia2016,
author = {Kaustia, Markku and Kn{\"{u}}pfer, Samuli and Torstila, Sami},
journal = {Management Science},
number = {4},
pages = {945 -- 963},
title = {{Stock Ownership and Political Behavior: Evidence from Demutualizations}},
volume = {62},
year = {2016}
}
@article{seenivasan2015,
author = {Seenivasan, Satheesh and Sudhir, K. and Talukdar, Debabrata},
journal = {Management Science},
number = {3},
pages = {802--816},
title = {{Do Store Brands Aid Store Loyalty?}},
volume = {62},
year = {2016}
}
@article{he2016,
author = {He, Xianjie and Pittman, Jeffrey and Rui, Oliver},
journal = {Journal of Business Ethics},
number = {4},
pages = {703--722},
title = {{Reputational Implications for Partners After a Major Audit Failure: Evidence from China}},
volume = {138},
year = {2016}
}
@article{eesley2016,
author = {Eesley, Charles E. and Li, Jian Bai and Yang, Delin},
journal = {Organization Science},
number = {2},
pages = {446 -- 461},
title = {{Does Institutional Change in Universities Influence High-Tech Entrepreneurship? Evidence from China'S Project 985}},
volume = {27},
year = {2016}
}
@article{chemmanur2016,
author = {Chemmanur, Thomas J. and Hull, Tyler J. and Krishnan, Karthik},
journal = {Journal of Business Venturing},
number = {5},
pages = {573--594},
title = {{Do Local and International Venture Capitalists Play Well Together? the Complementarity of Local and International Venture Capitalists}},
volume = {31},
year = {2016}
}
@article{parker2016,
author = {Parker, Chris and Ramdas, Kamalini and Savva, Nicos},
journal = {Management Science},
number = {9},
pages = {2481 -- 2503},
title = {{Is It Enough? Evidence from a Natural Experiment in India'S Agriculture Markets}},
volume = {16},
year = {2016}
}
@article{greenwood2015,
author = {Greenwood, Brad N. and Agarwal, Ritu},
journal = {Management Science},
number = {8},
pages = {2281--2303},
title = {{Matching Platforms and Hiv Incidence: An Empirical Investigation of Race, Gender, and Socioeconomic Status}},
volume = {62},
year = {2016}
}
@article{fu2016,
author = {Fu, Yuming and Qian, Wenlan and Yeung, Bernard Yin},
journal = {Management Science},
number = {11},
pages = {3254 -- 3270},
title = {{Speculative Investors and Transactions Tax: Evidence from the Housing Market}},
volume = {62},
year = {2016}
}
@article{montizaan2016,
author = {Montizaan, Raymond Michel and de Grip, Andries and C{\"{o}}rvers, Frank and Dohmen, Thomas J.},
journal = {Management Science},
number = {3},
pages = {668 --681},
title = {{The Impact of Negatively Reciprocal Inclinations on Worker Behavior: Evidence from a Retrenchment of Pension Rights}},
volume = {62},
year = {2016}
}
@article{davidsson2016,
author = {Davidsson, Per and Gordon, Scott R.},
journal = {Entrepreneurship: Theory and Practice},
number = {4},
pages = {915--941},
title = {{Much Ado About Nothing? the Surprising Persistence of Nascent Entrepreneurs Through Macroeconomic Crisis}},
volume = {40},
year = {2016}
}
@article{lin2016,
author = {Lin, Mingfeng and Viswanathan, Siva},
journal = {Management Science},
number = {5},
pages = {1393 -- 1414},
title = {{Home Bias in Online Investments: An Empirical Study of an Online Crowdfunding Market}},
volume = {62},
year = {2016}
}
@article{cen2016,
author = {Cen, Ling and Dasgupta, Sudipto and Sen, Rik},
journal = {Management Science},
number = {10},
pages = {2820 -- 2841},
title = {{Discipline or Disruption? Stakeholder Relationships and the Effect of Takeover Threat}},
volume = {62},
year = {2016}
}
@article{chen2016,
author = {Chen, Jiandong and Cumming, Douglas and Hou, Wenxuan and Lee, Edward},
journal = {Journal of Business Ethics},
number = {4},
pages = {787--806},
title = {{Ceo Accountability for Corporate Fraud: Evidence from the Split Share Structure Reform in China}},
volume = {138},
year = {2016}
}
@article{brown2017,
author = {Brown, Jill A. and Anderson, Anne and Salas, Jesus M. and Ward, Andrew J.},
journal = {Organization Science},
number = {3},
pages = {471--494},
title = {{Do Investors Care About Director Tenure? Insights from Executive Cognition and Social Capital Theories}},
volume = {28},
year = {2017}
}
@article{chhaochharia2017,
author = {Chhaochharia, Vidhi and Grinstein, Yaniv and Grullon, Gustavo and Michaely, Roni},
journal = {Management Science},
number = {5},
pages = {1405 -- 1424},
title = {{Product Market Competition and Internal Governance: Evidence from the Sarbanes Oxley Act}},
volume = {63},
year = {2017}
}
@article{debodt2017,
author = {de Bodt, Eric and Cousin, Jean-Gabriel and Roll, Richard},
journal = {Management Science},
number = {2},
pages = {760--783},
title = {{Full-Stock-Payment Marginalization in Merger and Acquisition Transactions}},
volume = {64},
year = {2017}
}
@article{danis2017,
author = {Danis, Andras},
journal = {Management Science},
number = {5},
pages = {1281 -- 1301},
title = {{Do Empty Creditors Matter? Evidence from Distressed Exchange Offers}},
volume = {63},
year = {2017}
}
@article{kapoor2017,
author = {Kapoor, Mudit and Ravi, Shamika},
journal = {Management Science},
number = {12},
pages = {4188 -- 4200},
title = {{Elasticity of Intertemporal Substitution in Consumption: Empirical Evidence from a Natural Experiment}},
volume = {63},
year = {2017}
}
@article{du2017,
author = {Du, Xingqiang and Weng, Jianying and Zeng, Quan and Chang, Yingying and Pei, Hongmei},
journal = {Journal of Business Ethics},
number = {1},
pages = {179--207},
title = {{Do Lenders Applaud Corporate Environmental Performance? Evidence from Chinese Private-Owned Firms}},
volume = {143},
year = {2017}
}
@article{flammer2017,
author = {Flammer, Caroline and Bansal, Pratima},
journal = {Strategic Management Journal},
number = {9},
pages = {1827--1847},
title = {{Does a Long-Term Orientation Create Value? Evidence from a Regression Discontinuity}},
volume = {38},
year = {2017}
}
@article{schuler2017,
author = {Schuler, Douglas A. and Shi, Wei and Hoskisson, Robert E. and Chen, Tao},
journal = {Strategic Management Journal},
number = {8},
pages = {1668--1687},
title = {{Windfalls of Emperors' Sojourns: Stock Market Reactions to Chinese Firms Hosting High-Ranking Government Officials}},
volume = {38},
year = {2017}
}
@article{bhojraj2017,
author = {Bhojraj, Sanjeev and Sengupta, Partha and Zhang, Suning},
journal = {Management Science},
number = {11},
pages = {3654 -- 3671},
title = {{Restructuring Charges, Fas 146, and the Accrual Anomaly}},
volume = {63},
year = {2017}
}
@article{xu2016,
author = {Xu, Kaiquan and Chan, Jason and Ghose, Anindya and Han, Sang Pil},
journal = {Management Science},
number = {5},
pages = {1469--1492},
title = {{Battle of the Channels: The Impact of Tablets on Digital Commerce}},
volume = {63},
year = {2017}
}
@article{castellaneta2017,
author = {Castellaneta, Francesco and Conti, Raffaele and Kacperczyk, Aleksandra},
journal = {Strategic Management Journal},
number = {4},
pages = {834--853},
title = {{Money Secrets: How Does Trade Secret Legal Protection Affect Firm Market Value? Evidence from the Uniform Trade Secret Act}},
volume = {38},
year = {2017}
}
@article{mahmood2017,
author = {Mahmood, Ishtiaq P. and Zhu, Hongjin and Zaheer, Akbar},
journal = {Strategic Management Journal},
number = {5},
pages = {1082--1100},
title = {{Centralization of Intragroup Equity Ties and Performance of Business Group Affiliates}},
volume = {38},
year = {2017}
}
@article{riley2017,
author = {Riley, Shawn M. and Michael, Steven C. and Mahoney, Joseph T.},
journal = {Strategic Management Journal},
number = {9},
pages = {1895--1914},
title = {{Human Capital Matters: Market Valuation of Firm Investments in Training and the Role of Complementary Assets}},
volume = {38},
year = {2017}
}
@article{cahan2017,
author = {Cahan, Steven F. and Chen, Chen and Chen, Li},
journal = {Journal of Business Ethics},
number = {3},
pages = {493--508},
title = {{Social Norms and Csr Performance}},
volume = {145},
year = {2017}
}
@article{lee20172333,
annote = {From Duplicate 1 (Incentive Redesign and Collaboration in Organizations: Evidence from a Natural Experiment - Lee, S; Puranam, P)

cited By 4

From Duplicate 2 (Incentive Redesign and Collaboration in Organizations: Evidence from a Natural Experiment - Lee, S; Puranam, P)

From Duplicate 1 (Incentive Redesign and Collaboration in Organizations: Evidence from a Natural Experiment - Lee, S; Puranam, P)

cited By 4},
author = {Lee, S and Puranam, P},
journal = {Strategic Management Journal},
number = {12},
pages = {2333--2352},
title = {{Incentive Redesign and Collaboration in Organizations: Evidence from a Natural Experiment}},
volume = {38},
year = {2017}
}
@article{brahm2017,
author = {Brahm, Francisco and Tarzijan, Jorge and Singer, Marcos},
journal = {Strategic Management Journal},
number = {10},
pages = {2121--2142},
title = {{The Impact of Frictions in Routine Execution on Economies of Scope}},
volume = {38},
year = {2017}
}
@article{connelly2017,
author = {Connelly, Brian L. and Shi, Wei and Zyung, Jinyong},
journal = {Strategic Management Journal},
number = {7},
pages = {1499--1517},
title = {{Managerial Response to Constitutional Constraints on Shareholder Power}},
volume = {38},
year = {2017}
}
@article{asgari2017,
author = {Asgari, Navid and Singh, Kulwant and Mitchell, Will},
journal = {Strategic Management Journal},
number = {5},
pages = {1062--1081},
title = {{Alliance Portfolio Reconfiguration Following a Technological Discontinuity}},
volume = {38},
year = {2017}
}
@article{lu2017,
author = {Lu, Susan Feng and Lu, Lauren Xiaoyuan},
journal = {Management Science},
number = {11},
pages = {3566--3585},
title = {{Do Mandatory Overtime Laws Improve Quality? Staffing Decisions and Operational Flexibility of Nursing Homes}},
volume = {63},
year = {2017}
}
@article{islam2017,
author = {Islam, Mazhar and Miller, Jacob and Park, Haemin Dennis},
journal = {Research Policy},
number = {6},
pages = {1062--1070},
title = {{But What Will It Cost Me? How Do Private Costs of Participation Affect Open Source Software Projects?}},
volume = {46},
year = {2017}
}
@article{eberhart2017,
author = {Eberhart, Robert and Eesley, Charles E. and Eisenhardt, Kathleen M.},
journal = {Organization Science},
number = {1},
pages = {93 -- 112},
title = {{Failure Is an Option: Institutional Change, Entrepreneurial Risk and New Firm Growth}},
volume = {28},
year = {2017}
}
@article{andersen2016,
author = {Andersen, Steffen and Nielsen, Kasper Meisner},
journal = {Management Science},
number = {1},
pages = {201--212},
title = {{Fire Sales and House Prices: Evidence from Estate Sales Due to Sudden Death}},
volume = {63},
year = {2017}
}
@article{john2016,
author = {John, Kose and Li, Yuanzhi and Pang, Jiaren},
journal = {Management Science},
number = {6},
pages = {1872--1891},
title = {{Does Corporate Governance Matter More for High Financial Slack Firms?}},
volume = {63},
year = {2017}
}
@article{chakraborty2017,
author = {Chakraborty, Pavel and Chatterjee, Chirantan},
journal = {Research Policy},
number = {5},
pages = {939--955},
title = {{Does Environmental Regulation Indirectly Induce Upstream Innovation? New Evidence from India}},
volume = {46},
year = {2017}
}
@article{clougherty2017,
author = {Clougherty, Joseph A. and Kim, Jin Uk and Skousen, Bradley R. and Sz{\"{u}}cs, Florian},
journal = {Journal of Management Studies},
number = {3},
pages = {340--365},
title = {{The Foundations of International Business: Cross-Border Investment Activity and the Balance Between Market-Power and Efficiency Effects}},
volume = {54},
year = {2017}
}
@article{kalcheva2018,
author = {Kalcheva, Ivalina and McLemore, Ping and Pant, Shagun},
journal = {Research Policy},
number = {2},
pages = {440--461},
title = {{Innovation: The Interplay Between Demand-Side Shock and Supply-Side Environment}},
volume = {47},
year = {2018}
}
@article{cozarenco2018,
author = {Cozarenco, Anastasia and Szafarz, Ariane},
journal = {Journal of Business Ethics},
number = {3},
pages = {631--650},
title = {{Gender Biases in Bank Lending: Lessons from Microcredit in France}},
volume = {147},
year = {2018}
}
@article{behr2018,
author = {Behr, Patrick and Kisgen, Darren J. and Taillard, J{\'{e}}r{\^{o}}me},
journal = {Management Science},
number = {3},
pages = {1034 -- 1054},
title = {{Did Government Regulations Lead to Inflated Credit Ratings?}},
volume = {64},
year = {2018}
}
@article{lee2018,
author = {Lee, Kyeong Hun},
journal = {Strategic Management Journal},
number = {11},
pages = {2992--3005},
title = {{Cross-Border Mergers and Acquisitions Amid Political Uncertainty: A Bargaining Perspective}},
volume = {39},
year = {2018}
}
@article{lee2018a,
author = {Lee, Joon Mahn and Park, Jung Chul and Folta, Timothy B.},
journal = {Strategic Management Journal},
number = {10},
pages = {2703--2725},
title = {{Ceo Career Horizon, Corporate Governance, and Real Options: The Role of Economic Short-Termism}},
volume = {39},
year = {2018}
}
@article{rao2018,
author = {Rao, Hayagreeva and Greve, Henrich R.},
journal = {Academy of Management Journal},
number = {1},
pages = {5--25},
title = {{Disasters and Community Resilience: Spanish Flu and the Formation of Retail Cooperatives in Norway}},
volume = {61},
year = {2018}
}
@article{hermosilla2018,
author = {Hermosilla, Manuel and Wu, Yufei},
journal = {Research Policy},
number = {5},
pages = {980--991},
title = {{Market Size and Innovation: The Intermediary Role of Technology Licensing}},
volume = {47},
year = {2018}
}
@article{eberhart2018,
author = {Eberhart, Robert N. and Eesley, Charles E.},
journal = {Strategic Management Journal},
number = {10},
pages = {2643--2665},
title = {{The Dark Side of Institutional Intermediaries: Junior Stock Exchanges and Entrepreneurship}},
volume = {39},
year = {2018}
}
@article{pope2018,
author = {Pope, Devin G. and Price, Joseph and Wolfers, Justin},
journal = {Management Science},
number = {11},
pages = {4988--4995},
title = {{Awareness Reduces Racial Bias}},
volume = {64},
year = {2018}
}
@article{nagaraj2017,
author = {Nagaraj, Abhishek},
journal = {Management Science},
number = {7},
pages = {3091--3107},
title = {{Does Copyright Affect Reuse? Evidence from Google Books and Wikipedia}},
volume = {64},
year = {2018}
}
@article{flammer2018,
author = {Flammer, Caroline},
journal = {Strategic Management Journal},
number = {5},
pages = {1299--1324},
title = {{Competing for Government Procurement Contracts: The Role of Corporate Social Responsibility}},
volume = {39},
year = {2018}
}
@article{iverson2018,
author = {Iverson, Benjamin Charles},
journal = {Management Science},
number = {11},
pages = {5370 -- 5394},
title = {{Get in Line: Chapter 11 Restructuring in Crowded Bankruptcy Courts}},
volume = {64},
year = {2018}
}
@article{ejermo2018,
author = {Ejermo, Olof and Schubert, Torben},
journal = {Journal of Management Studies},
number = {1},
pages = {108--145},
title = {{Do Higher Wages Reduce Knowledge Worker'S Job Mobility? Evidence for Swedish Inventors}},
volume = {55},
year = {2018}
}
@article{wang2017,
author = {Wang, Jingqi and Zhou, Yong Pin},
journal = {Management Science},
number = {7},
pages = {3055--3075},
title = {{Impact of Queue Configuration on Service Time: Evidence from a Supermarket}},
volume = {64},
year = {2018}
}
@article{wang2018a,
author = {Wang, Xue and Cao, Feng and Ye, Kangtao},
journal = {Journal of Business Ethics},
number = {1},
pages = {253--274},
title = {{Mandatory Corporate Social Responsibility (Csr) Reporting and Financial Reporting Quality: Evidence from a Quasi-Natural Experiment}},
volume = {152},
year = {2018}
}
@article{contigiani2018,
author = {Contigiani, Andrea and Hsu, David H. and Barankay, Iwan},
journal = {Strategic Management Journal},
number = {11},
pages = {2921--2942},
title = {{Trade Secrets and Innovation: Evidence from the “Inevitable Disclosure” Doctrine}},
volume = {39},
year = {2018}
}
@article{chen2017,
author = {Chen, Pei-Yu and Hong, Yili and Liu, Ying},
journal = {Management Science},
number = {10},
pages = {4629--4647},
title = {{The Value of Multidimensional Rating Systems: Evidence from a Natural Experiment and Randomized Experiments}},
volume = {64},
year = {2018}
}
@article{shi2018,
author = {Shi, Wei and Connelly, Brian L.},
journal = {Strategic Management Journal},
number = {8},
pages = {2386--2413},
title = {{Is Regulatory Adoption Ceremonial? Evidence from Lead Director Appointments}},
volume = {39},
year = {2018}
}
@article{criscuolo2018,
author = {Criscuolo, Paola and Salter, Ammon and ter Wal, Anne L.J.},
journal = {Organization Science},
number = {1},
pages = {12234},
title = {{Going Underground: Bootlegging and Individual Innovation Performance}},
volume = {2012},
year = {2018}
}
@article{sismeiro2018,
author = {Sismeiro, Catarina and Mahmood, Ammara},
journal = {Management Science},
number = {11},
pages = {5014--5037},
title = {{Competitive Vs. Complementary Effects in Online Social Networks and News Consumption: A Natural Experiment}},
volume = {64},
year = {2018}
}
@article{hwang2018,
author = {Hwang, Chuan-Yang and Li, Yuan},
journal = {Management Science},
number = {5},
pages = {2289 -- 2307},
title = {{Analysts' Reputational Concerns, Self-Censoring and the International Dispersion Effect}},
volume = {64},
year = {2018}
}
@article{min2018,
author = {Min, Byung S.},
journal = {Journal of Business Ethics},
number = {2},
pages = {459--475},
title = {{Effects of Outsider'S Monitoring on Capital Structure and Corporate Growth Strategy: Evidence from a Natural Experiment}},
volume = {152},
year = {2018}
}
@article{wang2016,
author = {Wang, Zhongmin and Lee, Alvin and Polonsky, Michael},
journal = {Management Science},
number = {1},
pages = {149--163},
title = {{Egregiousness and Boycott Intensity: Evidence from the Bp Deepwater Horizon Oil Spill}},
volume = {64},
year = {2018}
}
@article{gil2017,
author = {Gil, Ricard and Ruzzier, Christian A.},
journal = {Management Science},
number = {3},
pages = {1121--1135},
title = {{The Impact of Competition on "Make-Or-Buy" Decisions: Evidence from the Spanish Local Tv Industry}},
volume = {64},
year = {2018}
}
@article{branzei2018,
author = {Branzei, Oana and Frooman, Jeff and Mcknight, Brent and Zietsma, Charlene},
journal = {Journal of Business Ethics},
number = {1},
pages = {183--203},
title = {{What Good Does Doing Good Do? the Effect of Bond Rating Analysts' Corporate Bias on Investor Reactions to Changes in Social Responsibility}},
volume = {148},
year = {2018}
}
@article{zhang2018,
author = {Zhang, Laurina},
journal = {Management Science},
number = {1},
pages = {24 -- 42},
title = {{Intellectual Property Strategy and the Long Tail: Evidence from the Recorded Music Industry}},
volume = {64},
year = {2018}
}
@article{kleinbaum2018,
author = {Kleinbaum, Adam M.},
journal = {Management Science},
number = {5},
pages = {2219 -- 2237},
title = {{Reorganization and Tie Decay Choices}},
volume = {64},
year = {2018}
}
@article{howell2018,
author = {Howell, Sabrina T.},
journal = {Research Policy},
number = {8},
pages = {1448--1462},
title = {{Joint Ventures and Technology Adoption: A Chinese Industrial Policy that Backfired}},
volume = {47},
year = {2018}
}
@article{crosby2018,
author = {Crosby, Neil and Devaney, Steven and Lizieri, Colin and McAllister, Patrick},
journal = {Journal of Business Ethics},
number = {3},
pages = {651--667},
title = {{Can Institutional Investors Bias Real Estate Portfolio Appraisals? Evidence from the Market Downturn}},
volume = {147},
year = {2018}
}
@article{wang2018,
author = {Wang, Jue},
journal = {Research Policy},
number = {2},
pages = {399--412},
title = {{Innovation and Government Intervention: A Comparison of Singapore and Hong Kong}},
volume = {47},
year = {2018}
}
@article{duanmu2018,
author = {Duanmu, Jing Lin and Bu, Maoliang and Pittman, Russell},
journal = {Strategic Management Journal},
number = {11},
pages = {3006--3030},
title = {{Does Market Competition Dampen Environmental Performance? Evidence from China}},
volume = {39},
year = {2018}
}
@article{haack2018,
author = {Haack, Patrick and Sieweke, Jost},
journal = {Journal of Management Studies},
number = {3},
pages = {486--516},
title = {{The Legitimacy of Inequality: Integrating the Perspectives of System Justification and Social Judgment}},
volume = {55},
year = {2018}
}
@article{shi2018,
author = {Shi, Wei and Connelly, Brian L. and Cirik, Kubilay},
journal = {Academy of Management Journal},
number = {5},
pages = {1892--1919},
title = {{Short Seller Influence on Firm Growth: A Threat Rigidity Perspective}},
volume = {61},
year = {2018}
}
@article{paruchuri2019,
author = {Paruchuri, Srikanth and Pollock, Timothy G. and Kumar, Naveen},
journal = {Strategic Management Journal},
number = {12},
pages = {1965--1983},
title = {{On the Tip of the Brain: Understanding When Negative Reputational Events Can Have Positive Reputation Spillovers, and for How Long}},
volume = {40},
year = {2019}
}
@article{colombo2019,
author = {Colombo, Massimo G. and Meoli, Michele and Vismara, Silvio},
journal = {Journal of Business Venturing},
number = {1},
pages = {141--177},
title = {{Signaling in Science-Based Ipos: The Combined Effect of Affiliation with Prestigious Universities, Underwriters, and Venture Capitalists}},
volume = {34},
year = {2019}
}
@article{lee2019,
author = {Lee, Sunkee},
journal = {Organization Science},
number = {3},
pages = {467--488},
title = {{Learning-By-Moving: Can Reconfiguring Spatial Proximity Between Organizational Members Promote Individuallevel Exploration?}},
volume = {30},
year = {2019}
}
@article{defigueiredo2019,
author = {de Figueiredo, Rui J.P. and Feldman, Emilie R. and Rawley, Evan},
journal = {Strategic Management Journal},
number = {8},
pages = {1268--1290},
title = {{The Costs of Refocusing: Evidence from Hedge Fund Closures During the Financial Crisis}},
volume = {40},
year = {2019}
}
@article{desjardine2019,
author = {DesJardine, Mark and Bansal, Pratima and Yang, Yang},
journal = {Journal of Management},
number = {4},
pages = {1434--1460},
title = {{Bouncing Back: Building Resilience Through Social and Environmental Practices in the Context of the 2008 Global Financial Crisis}},
volume = {45},
year = {2019}
}
@article{kim2019,
author = {Kim, Incheol and Wan, Hong and Wang, Bin and Yang, Tina},
journal = {Management Science},
number = {10},
pages = {4901--4926},
title = {{Institutional Investors and Corporate Environmental, Social, and Governance Policies: Evidence from Toxics Release Data}},
volume = {65},
year = {2019}
}
@article{albuquerque2019,
author = {Albuquerque, Ana M. and Zhu, Julie},
journal = {Management Science},
title = {{Has Section 404 of the Sarbanes-Oxley Act Discouraged Corporate Investment? New Evidence from a Natural Experiment}},
volume = {In-press a},
year = {2019}
}
@article{arts2018,
author = {Arts, Sam and Fleming, Lee},
journal = {Organization Science},
number = {6},
pages = {1074--1092},
title = {{Paradise of Novelty-Or Loss of Human Capital? Exploring New Fields and Inventive Output}},
volume = {29},
year = {2019}
}
@article{li2018a,
author = {Li, Si and Zhan, Xintong},
journal = {Management Science},
number = {9},
pages = {4011--4031},
title = {{Product Market Threats and Stock Crash Risk}},
volume = {65},
year = {2019}
}
@article{natarajan2019,
author = {Natarajan, Siddharth and Mahmood, Ishtiaq P. and Mitchell, Will},
journal = {Strategic Management Journal},
number = {7},
pages = {1070--1096},
title = {{Middle Management Involvement in Resource Allocation: The Evolution of Automated Teller Machines and Bank Branches in India}},
volume = {40},
year = {2019}
}
@article{teodoridis2018,
author = {Teodoridis, Florenta and Bikard, Micha{\"{e}}l and Vakili, Keyvan},
journal = {Administrative Science Quarterly},
number = {4},
pages = {894--927},
title = {{Creativity at the Knowledge Frontier: The Impact of Specialization in Fast- and Slow-Paced Domains*}},
volume = {64},
year = {2019}
}
@article{teodoridis2019,
author = {Teodoridis, Florenta},
journal = {Management Science},
number = {8},
pages = {3625 -- 3648},
title = {{Understanding Team Knowledge Production: The Interrelated Roles of Technology and Expertise}},
volume = {64},
year = {2019}
}
@article{pertuzesalas2019,
author = {{Pertuze Salas}, Julio and Reyes, Tomas and Vassolo, Roberto S. and Olivares, Nicolas},
journal = {Research Policy},
number = {9},
pages = {103808},
title = {{Political Uncertainty and Innovation: The Relative Effects of National Leaders' Education Levels and Regime Systems on Firm-Level Patent Applications}},
volume = {48},
year = {2019}
}
@article{stoker2019,
author = {Stoker, Janka I. and Garretsen, Harry and Soudis, Dimitrios},
journal = {Leadership Quarterly},
number = {2},
pages = {199--214},
title = {{Tightening the Leash After a Threat: A Multi-Level Event Study on Leadership Behavior Following the Financial Crisis}},
volume = {30},
year = {2019}
}
@article{li2018,
author = {Li, Xu and Lin, Chen and Zhan, Xintong},
journal = {Management Science},
number = {12},
pages = {5676--5696},
title = {{Does Change in the Information Environment Affect Financing Choices?}},
volume = {65},
year = {2019}
}
@article{mcgowan2019,
author = {McGowan, Danny and Vasilakis, Chrysovalantis},
journal = {Research Policy},
number = {9},
title = {{Reap What You Sow: Agricultural Technology, Urbanization and Structural Change}},
volume = {48},
year = {2019}
}
@article{qian2019,
author = {Qian, Cuili and Lu, Louise Y. and Yu, Yangxin},
journal = {Strategic Management Journal},
number = {13},
pages = {2271--2286},
title = {{Financial Analyst Coverage and Corporate Social Performance: Evidence from Natural Experiments}},
volume = {40},
year = {2019}
}
@article{buyl2019,
author = {Buyl, Tine and Boone, Christophe and Wade, James B.},
journal = {Journal of Management},
number = {4},
pages = {1372--1400},
title = {{Ceo Narcissism, Risk-Taking, and Resilience: An Empirical Analysis in U.S. Commercial Banks}},
volume = {45},
year = {2019}
}
@article{durand2019,
author = {Durand, Rodolphe and Paugam, Luc and Stolowy, Herv{\'{e}}},
journal = {Strategic Management Journal},
number = {9},
pages = {1471--1490},
title = {{Do Investors Actually Value Sustainability Indices? Replication, Development, and New Evidence on Csr Visibility}},
volume = {40},
year = {2019}
}
@article{chen2019,
author = {Chen, Hailiang and Hu, Yu Jeffrey and Smith, Michael D.},
journal = {Management Science},
number = {1},
pages = {19--31},
title = {{The Impact of Ebook Distribution on Print Sales: Analysis of a Natural Experiment}},
volume = {65},
year = {2019}
}
@article{choudhury2019,
author = {Choudhury, Prithwiraj and Kim, Do Yoon},
journal = {Strategic Management Journal},
number = {2},
pages = {203--229},
title = {{The Ethnic Migrant Inventor Effect: Codification and Recombination of Knowledge Across Borders}},
volume = {40},
year = {2019}
}
@article{darrough2018,
author = {Darrough, Masako and Kim, Heedong and Zur, Emanuel},
journal = {Journal of Business Ethics},
number = {3},
pages = {795--815},
title = {{The Impact of Corporate Welfare Policy on Firm-Level Productivity: Evidence from Unemployment Insurance}},
volume = {159},
year = {2019}
}
@article{brynjolfsson2019,
author = {Brynjolfsson, Erik and Hui, Xiang and Liu, Meng},
journal = {Management Science},
number = {12},
pages = {5449--5460},
title = {{Does Machine Translation Affect International Trade? Evidence from a Large Digital Platform}},
volume = {65},
year = {2019}
}
@article{li2019,
author = {Li, Kai and Qiu, Jiaping and Wang, Jin},
journal = {Management Science},
number = {11},
pages = {5065--5090},
title = {{Technology Conglomeration, Strategic Alliances, and Corporate Innovation}},
volume = {65},
year = {2019}
}
@article{khan2018,
author = {Khan, Urooj and Lo, Alvis K.},
journal = {Management Science},
number = {11},
pages = {5337--5359},
title = {{Bank Lending Standards and Borrower Accounting Conservatism}},
volume = {65},
year = {2019}
}
@article{calvo2019,
author = {Calvo, Eduard and Cui, Ruomeng and Serpa, Juan Camilo},
journal = {Management Science},
number = {12},
pages = {5651--5675},
title = {{Oversight and Efficiency in Public Projects: A Regression Discontinuity Analysis}},
volume = {65},
year = {2019}
}
@article{manthei2019,
author = {Manthei, Kathrin and Sliwka, Dirk},
journal = {Management Science},
number = {12},
pages = {5861--5883},
title = {{Multitasking and Subjective Performance Evaluations: Theory and Evidence from a Field Experiment in a Bank}},
volume = {65},
year = {2019}
}
@article{jia2019,
author = {Jia, Nan and Huang, Kenneth G. and {Man Zhang}, Cyndi},
journal = {Academy of Management Journal},
number = {1},
pages = {220--247},
title = {{Public Governance, Corporate Governance, and Firm Innovation: An Examination of State-Owned Enterprises}},
volume = {62},
year = {2019}
}
@article{flammer2019,
author = {Flammer, Caroline and Kacperczyk, Aleksandra},
journal = {Strategic Management Journal},
number = {8},
pages = {1243--1267},
title = {{Corporate Social Responsibility as a Defense Against Knowledge Spillovers: Evidence from the Inevitable Disclosure Doctrine}},
volume = {40},
year = {2019}
}
@article{barroso2019,
author = {Barroso, Alicia and Giarratana, Marco S. and Pasquini, Martina},
journal = {Research Policy},
number = {1},
pages = {11--21},
title = {{Product Portfolio Performance in New Foreign Markets: The Eu Trademark Dual System}},
volume = {48},
year = {2019}
}
@article{conti2019,
author = {Conti, Raffaele and Gambardella, Alfonso and Novelli, Elena},
journal = {Organization Science},
number = {1},
pages = {126--150},
title = {{Specializing in Generality: Firm Strategies When Intermediate Markets Work}},
volume = {30},
year = {2019}
}
@article{dong2018,
author = {Dong, Jing and Yom-Tov, Elad and Yom-Tov, Galit B.},
journal = {Management Science},
number = {5},
pages = {1969--1994},
title = {{The Impact of Delay Announcements on Hospital Network Coordination and Waiting Times}},
volume = {65},
year = {2019}
}
@article{gilje2019,
author = {Gilje, Erik},
journal = {Management Science},
number = {1},
pages = {1 -- 18},
title = {{Does Local Access to Finance Matter?: Evidence from U.S. Oil and Natural Gas Shale Booms}},
volume = {65},
year = {2019}
}
@article{huang2018,
author = {Huang, Hsini and Jong, Simcha},
journal = {Journal of Management Studies},
number = {5},
pages = {1000--1039},
title = {{Public Funding for Science and the Value of Corporate R\&D Projects; Evidence from Project Initiation and Termination Decisions in Cell Therapy}},
volume = {56},
year = {2019}
}
@article{jia2019,
author = {Jia, Yonghong and Gao, Xinghua and Julian, Scott},
journal = {Strategic Management Journal},
pages = {smj.3107},
title = {{Do Firms Use Corporate Social Responsibility to Insure Against Stock Price Risk? Evidence from a Natural Experiment}},
year = {2019}
}
@article{cai2019,
author = {Cai, Jay and Shi, Guifeng},
journal = {Journal of Business Ethics},
number = {1},
pages = {159--182},
title = {{Do Religious Norms Influence Corporate Debt Financing?}},
volume = {157},
year = {2019}
}
@article{salvato2020,
author = {Salvato, Carlo and Sargiacomo, Massimo and Amore, Mario Daniele and Minichilli, Alessandro},
journal = {Strategic Entrepreneurship Journal},
number = {4},
pages = {594--615},
title = {{Natural Disasters as a Source of Entrepreneurial Opportunity: Family Business Resilience After an Earthquake}},
volume = {14},
year = {2020}
}
@article{wang2020,
author = {Wang, Dan J.},
journal = {Strategic Entrepreneurship Journal},
number = {2},
pages = {125--148},
title = {{When Do Return Migrants Become Entrepreneurs? the Role of Global Social Networks and Institutional Distance}},
volume = {14},
year = {2020}
}
@article{fu2020,
author = {Fu, Limin and Boehe, Dirk and Orlitzky, Marc},
journal = {Research Policy},
number = {8},
pages = {104082},
title = {{Are R\&D-Intensive Firms Also Corporate Social Responsibility Specialists? a Multicountry Study}},
volume = {49},
year = {2020}
}
@article{civera2020,
author = {Civera, Alice and Lehmann, Erik E. and Paleari, Stefano and Stockinger, Sarah A.E.},
journal = {Research Policy},
number = {8},
pages = {104083},
title = {{Higher Education Policy: Why Hope for Quality When Rewarding Quantity?}},
volume = {49},
year = {2020}
}
@article{wang2019,
author = {Wang, Fangjun and Xu, Luying and Guo, Fei and Zhang, Junrui},
journal = {Journal of Business Ethics},
number = {2},
pages = {293--309},
title = {{Loan Guarantees, Corporate Social Responsibility Disclosure and Audit Fees: Evidence from China}},
volume = {166},
year = {2020}
}
@article{poy2020,
author = {Poy, Samuele and Sch{\"{u}}ller, Simone},
journal = {Research Policy},
number = {1},
pages = {103861},
title = {{Internet and Voting in the Social Media Era: Evidence from a Local Broadband Policy}},
volume = {49},
year = {2020}
}
@article{lee2020,
author = {Lee, Joon Mahn and Kim, Jongsoo and Bae, Joonhyung},
journal = {Research Policy},
number = {1},
pages = {103862},
title = {{Founder Ceos and Innovation: Evidence from Ceo Sudden Deaths in Public Firms}},
volume = {49},
year = {2020}
}
@article{callen2018,
author = {Callen, Jeffrey L. and Fang, Xiaohua},
journal = {Journal of Business Ethics},
number = {1},
pages = {151--173},
title = {{Local Gambling Norms and Audit Pricing}},
volume = {164},
year = {2020}
}
@article{kerr2019,
author = {Kerr, Jon and Sadka, Gil and Sadka, Ronnie},
journal = {Management Science},
number = {1},
pages = {334--351},
title = {{Illiquidity and Price Informativeness}},
volume = {66},
year = {2020}
}
@article{kasbekar2020,
author = {Kasbekar, Chirag},
journal = {Organization Science},
number = {2},
pages = {355--377},
title = {{Adaptation of New Organizations to Legitimacy Shocks: Postbellum Firearms Firms in the U.S. South, 1866-1914}},
volume = {31},
year = {2020}
}
@article{keuma2020,
author = {Keuma, Dongil D.},
journal = {Organization Science},
number = {5},
pages = {1072--1089},
title = {{Penalizing the Underdogs? Employment Protection and the Competitive Dynamics of Firm Innovation}},
volume = {31},
year = {2020}
}
@article{haviv2020,
author = {Haviv, Avery and Huang, Yufeng and Li, Nan},
journal = {Management Science},
number = {10},
pages = {4788--4807},
title = {{Intertemporal Demand Spillover Effects on Video Game Platforms}},
volume = {66},
year = {2020}
}
@article{li2020,
author = {Li, Hui and Zhu, Feng},
journal = {Management Science},
number = {June 2021},
title = {{Information Transparency, Multihoming, and Platform Competition: A Natural Experiment in the Daily Deals Market}},
year = {2020}
}
@article{bimpikis2020,
author = {Bimpikis, Kostas and Elmaghraby, Wedad J. and Moon, Ken and Zhang, Wenchang},
journal = {Management Science},
number = {12},
pages = {5783--5822},
title = {{Managing Market Thickness in Online Business-To-Business Markets}},
volume = {66},
year = {2020}
}
@article{gross2020,
author = {Gross, Daniel P.},
journal = {Management Science},
number = {12},
pages = {5683--5700},
title = {{Collusive Investments in Technological Compatibility: Lessons from U.S. Railroads in the Late 19Th Century}},
volume = {66},
year = {2020}
}
@article{kim2020,
author = {Kim, Song Hee and Tong, Jordan and Peden, Carol},
journal = {Management Science},
number = {11},
pages = {5151--5170},
title = {{Admission Control Biases in Hospital Unit Capacity Management: How Occupancy Information Hurdles and Decision Noise Impact Utilization}},
volume = {66},
year = {2020}
}
@article{liu2020,
author = {Liu, Jiayi and Bharadwaj, Anandhi},
journal = {Management Science},
number = {5},
pages = {2040--2049},
title = {{Drug Abuse and the Internet: Evidence from Craigslist}},
volume = {66},
year = {2020}
}
@article{hu2020,
author = {Hu, Maggie Rong and Lee, Adrian D.},
journal = {Management Science},
number = {3},
pages = {1440--1472},
title = {{Outshine to Outbid: Weather-Induced Sentiment and the Housing Market}},
volume = {66},
year = {2020}
}
@article{diwassingh2020,
author = {{Diwas Singh}, K. C.},
journal = {Management Science},
number = {6},
pages = {2545--2563},
title = {{Heuristic Thinking in Patient Care}},
volume = {66},
year = {2020}
}
@article{benson2020,
author = {Benson, Alan and Sojourner, Aaron and Umyarov, Akhmed},
journal = {Management Science},
number = {5},
pages = {1802--1825},
title = {{Can Reputation Discipline the Gig Economy? Experimental Evidence from an Online Labor Market}},
volume = {66},
year = {2020}
}
@article{chang2020,
author = {Chang, Ching-Hung and Wu, Qingqing},
journal = {Management Science},
number = {June 2021},
title = {{Board Networks and Corporate Innovation}},
year = {2020}
}
@article{chu2020,
author = {Chu, Yongqiang},
journal = {Management Science},
number = {7},
pages = {2951--2974},
title = {{Collateral, Ease of Repossession, and Leases: Evidence from Antirecharacterization Laws}},
volume = {66},
year = {2020}
}
@article{agarwal2019,
author = {Agarwal, Sumit and Pan, Jessica and Qian, Wenlan},
journal = {Management Science},
number = {1},
pages = {43--69},
title = {{Age of Decision: Pension Savings Withdrawal and Consumption and Debt Response}},
volume = {66},
year = {2020}
}
@article{cui2020,
author = {Cui, Ruomeng and Li, Meng and Li, Qiang},
journal = {Management Science},
number = {9},
pages = {3879--3902},
title = {{Value of High-Quality Logistics: Evidence from a Clash Between Sf Express and Alibaba}},
volume = {66},
year = {2020}
}
@article{chen2020,
author = {Chen, Jean Jinghan and Cui, Chuantao and Hunt, Richard A. and Li, Leona Shao Zhi},
journal = {Journal of Business Venturing},
number = {6},
pages = {106046},
title = {{External Enablement of New Venture Creation: An Exploratory, Query-Driven Assessment of China'S High-Speed Rail Expansion}},
volume = {35},
year = {2020}
}
@article{castellaneta2020,
author = {Castellaneta, Francesco and Conti, Raffaele and Kacperczyk, Aleksandra},
journal = {Strategic Management Journal},
number = {7},
pages = {1274--1304},
title = {{The (Un) Intended Consequences of Institutions Lowering Barriers to Entrepreneurship: The Impact on Female Workers}},
volume = {41},
year = {2020}
}
@article{deno2020,
author = {Deno, Snje{\v{z}}ana and Loy, Thomas and Homburg, Carsten},
journal = {Entrepreneurship: Theory and Practice},
number = {6},
pages = {1091--1111},
title = {{What Happens If Private Accounting Information Becomes Public? Small Firms' Access to Bank Debt}},
volume = {44},
year = {2020}
}
@article{ding2020,
author = {Ding, Ning and Parwada, Jerry T. and Shen, Jianfeng and Zhou, Shan},
journal = {Journal of Business Ethics},
number = {3},
pages = {507--527},
title = {{When Does a Stock Boycott Work? Evidence from a Clinical Study of the Sudan Divestment Campaign}},
volume = {163},
year = {2020}
}
@article{uribe2020,
author = {Uribe, Jose N.},
journal = {Strategic Management Journal},
number = {10},
pages = {1901--1932},
title = {{Multipoint Contact Without Forbearance? How Coverage Synergies Shape Equity Analysts' Forecasting Performance}},
volume = {41},
year = {2020}
}
@article{pfister2021,
author = {Pfister, Curdin and Koomen, Miriam and Harhoff, Dietmar and Backes-Gellner, Uschi},
journal = {Research Policy},
number = {4},
pages = {104197},
title = {{Regional Innovation Effects of Applied Research Institutions}},
volume = {50},
year = {2021}
}
@article{garcia-vega2021,
author = {Garc{\'{i}}a-Vega, Mar{\'{i}}a and Kneller, Richard and Stiebale, Joel},
journal = {Research Policy},
number = {5},
pages = {104213},
title = {{Labor Market Reform and Innovation: Evidence from Spain}},
volume = {50},
year = {2021}
}
@article{khanna2021,
author = {Khanna, Rajat},
journal = {Research Policy},
number = {2},
pages = {104159},
title = {{Aftermath of a Tragedy: A Star'S Death and Coauthors' Subsequent Productivity}},
volume = {50},
year = {2021}
}
@article{shukla2021,
author = {Shukla, Aishwarya Deep and Gao, Guodong and Agarwal, Ritu},
journal = {Management Science},
number = {3},
pages = {1546--1568},
title = {{How Digital Word-Of-Mouth Affects Consumer Decision Making: Evidence from Doctor Appointment Booking}},
volume = {67},
year = {2021}
}
@article{sun2021,
author = {Sun, Yang},
journal = {Management Science},
number = {1},
pages = {500--523},
title = {{Index Fund Entry and Financial Product Market Competition}},
volume = {67},
year = {2021}
}
@article{szumilo2021,
author = {Szumilo, Nikodem and Vanino, Enrico},
journal = {Journal of Business Venturing},
number = {4},
pages = {106105},
title = {{Mortgage Affordability and Entrepreneurship: Evidence from Spatial Discontinuity in Help-To-Buy Equity Loans}},
volume = {36},
year = {2021}
}
@article{zhang2021,
author = {Zhang, Jiamin and Gu, Qian},
journal = {Journal of Business Venturing},
number = {4},
pages = {106108},
title = {{Turning a Curse Into a Blessing: Contingent Effects of Geographic Distance on Startup–Vc Partnership Performance}},
volume = {36},
year = {2021}
}
@article{cheng2021,
author = {Cheng, Zhiming and Guo, Wei and Hayward, Mathew and Smyth, Russell and Wang, Haining},
journal = {Journal of Business Venturing},
number = {1},
pages = {106063},
title = {{Childhood Adversity and the Propensity for Entrepreneurship: A Quasi-Experimental Study of the Great Chinese Famine}},
volume = {36},
year = {2021}
}
@article{blau2021,
author = {Blau, Benjamin M. and Griffith, Todd G. and Whitby, Ryan J.},
journal = {Journal of Business Ethics},
title = {{On the Ethics of “Non-Corporate” Insider Trading}},
year = {2021}
}
@article{choudhury2021,
author = {Choudhury, Prithwiraj and Foroughi, Cirrus and Larson, Barbara},
journal = {Strategic Management Journal},
number = {4},
pages = {655--683},
title = {{Work-From-Anywhere: The Productivity Effects of Geographic Flexibility}},
volume = {42},
year = {2021}
}
@article{park2021,
author = {Park, Kyeonggook Francis and Seamans, Robert and Zhu, Feng},
journal = {Strategic Management Journal},
number = {4},
pages = {684--709},
title = {{Homing and Platform Responses to Entry: Historical Evidence from the U.S. Newspaper Industry}},
volume = {42},
year = {2021}
}
@article{luo2021,
author = {Luo, Jiao and Chen, Jia and Chen, Dongjie},
journal = {Administrative Science Quarterly},
number = {1},
pages = {133--176},
title = {{Coming Back and Giving Back: Transposition, Institutional Actors, and the Paradox of Peripheral Influence*}},
volume = {66},
year = {2021}
}
@article{cabral2021,
author = {Cabral, Joseph J. and Francis, Bill B. and Kumar, M. V.Shyam},
journal = {Strategic Entrepreneurship Journal},
number = {1},
pages = {28--48},
title = {{The Impact of Managerial Job Security on Corporate Entrepreneurship: Evidence from Corporate Venture Capital Programs}},
volume = {15},
year = {2021}
}
@article{sohl2021,
author = {Sohl, Timo and Folta, Timothy B.},
journal = {Strategic Management Journal},
number = {February},
pages = {1--21},
title = {{Market Exit and the Potential for Resource Redeployment: Evidence from the Global Retail Sector}},
year = {9999}
}
@article{jiang2021,
author = {Jiang, Han and Jia, Nan and Bai, Tao and Bruton, Garry D.},
journal = {Strategic Management Journal},
title = {{Cleaning House Before Hosting New Guests: A Political Path Dependence Model of Political Connection Adaptation in the Aftermath of Anticorruption Shocks}},
year = {9999}
}
@article{wang,
author = {Wang, Hongchang and Overby, M},
journal = {Management Science},
title = {{How Does Online Lending Influence Bankruptcy Filings ?}},
year = {9999}
}
@article{cole,
author = {Cole, Shawn Allen and Iverson, Benjamin Charles and Tufano, Peter},
journal = {Management Science},
title = {{Can Gambling Increase Savings? Empirical Evidence on Prize-Linked Savings Accounts}},
year = {9999}
}
@article{becerra,
author = {Becerra, Manuel and Markarian, Garen},
journal = {Organization Science},
title = {{Why Are Firms with Lower Performance More Volatile and Unpredictable? a Vulnerability Explanation of the Bowman Paradox}},
year = {9999}
}
@article{sohn,
author = {Sohn, Eunhee},
journal = {Organization Science},
title = {{How Local Industry R\&D Shapes Academic Research: Evidence from the Agricultural Biotechnology Revolution}},
year = {9999}
}
@article{gillingham,
author = {Gillingham, Kenneth and Bollinger, Bryan},
journal = {Management Science},
title = {{Social Learning and Solar Photovoltaic Adoption}},
year = {9999}
}
@article{jola-sanchez,
author = {Jola-Sanchez, Andres F. and {Pedraza Martinez}, Alfonso and Serpa, Juan Camilo},
journal = {Management Science},
title = {{Inventory in Times of War}},
year = {9999}
}
@article{cong,
author = {Cong, Lin William and Howell, Sabrina T.},
journal = {Management Science},
title = {{Policy Uncertainty and Innovation: Evidence from Initial Public Offering Interventions in China}},
year = {9999}
}
@article{butler,
author = {Butler, Alexander W. and Gao, Xiang and Uzmanoglu, Cihan},
journal = {Management Science},
title = {{Financial Innovation and Financial Intermediation: Evidence from Credit Default Swaps}},
year = {9999}
}
@article{ben-david,
author = {Ben-David, Itzhak and Franzoni, Francesco A. and Moussawi, Rabih and Sedunov, John},
journal = {Management Science},
title = {{The Granular Nature of Large Institutional Investors}},
year = {9999}
}
@article{lin,
author = {Lin, Chen and Liu, Sibo and Manso, Gustavo},
journal = {Management Science},
title = {{Shareholder Litigation and Corporate Innovation}},
year = {9999}
}
@article{cunningham,
author = {Cunningham, Chris and Gerardi, Kristopher S. and Shen, Lily},
journal = {Management Science},
title = {{Double Trigger for Mortgage Default: The Fracking Boom}},
year = {9999}
}
@article{karaman,
author = {Karaman, H{\"{u}}lya},
journal = {Management Science},
title = {{Online Review Solicitations Reduce Extremity Bias in Online Review Distributions and Increase Their Representativeness}},
year = {9999}
}
@article{nagaraj,
author = {Nagaraj, Abhishek},
journal = {Management Science},
title = {{Information Seeding and Knowledge Production in Online Communities: Evidence from Openstreetmap}},
year = {9999}
}
