Scopus
EXPORT DATE: 23 January 2022

@article{cabral202128,
  author                  = {Cabral, J.J. and Francis, B.B. and Kumar, M.V.S.},
  Title                   = {The Impact of Managerial Job Security on Corporate Entrepreneurship: Evidence from Corporate Venture Capital Programs},
  journal                 = {Strategic Entrepreneurship Journal},
  year                    = {2021},
  volume                  = {15},
  number                  = {1},
  pages                   = {28-48},
  note                    = {cited By 4},
  affiliation             = {Stephenson Department of Entrepreneurship \& Information Systems, Louisiana State University, Baton Rouge, LA, United States; Lally School of Management, Rensselaer Polytechnic Institute, Troy, NY, United States},
  correspondence_address1 = {Cabral, J.J.; Stephenson Department of Entrepreneurship \& Information Systems, United States; email: jcabral@lsu.edu},
  language                = {English},
  Abbrev_Source_Title     = {Strateg. Entrepreneurship J.},
  document_type           = {Article},
  source                  = {Scopus}
}

@article{hilary2021,
  author                  = {Hilary, G. and Huang, S.},
  Title                   = {Trust and Contracting: Evidence from Church Sex Scandals},
  journal                 = {Journal of Business Ethics},
  year                    = {2021},
  note                    = {cited By 0},
  affiliation             = {Georgetown University, Washington, DC, United States; Singapore Management University, Singapore, Singapore},
  correspondence_address1 = {Huang, S.; Singapore Management UniversitySingapore; email: shuang@smu.edu.sg},
  language                = {English},
  Abbrev_Source_Title     = {J. Bus. Ethics},
  document_type           = {Article},
  source                  = {Scopus}
}

@article{seebeck2021,
  author                  = {Seebeck, A. and Vetter, J.},
  Title                   = {Not Just a Gender Numbers Game: How Board Gender Diversity Affects Corporate Risk Disclosure},
  journal                 = {Journal of Business Ethics},
  year                    = {2021},
  note                    = {cited By 4},
  affiliation             = {University of Erlangen Nuremberg, Lange Gasse 20, Nuremberg, 90403, Germany},
  correspondence_address1 = {Seebeck, A.; University of Erlangen Nuremberg, Lange Gasse 20, Germany; email: andreas.seebeck@fau.de},
  language                = {English},
  Abbrev_Source_Title     = {J. Bus. Ethics},
  document_type           = {Article},
  source                  = {Scopus}
}

@article{zheng20202234,
  author                  = {Zheng, Y. and Wang, Q.},
  Title                   = {Shadow of the Great Firewall: The Impact of Google Blockade on Innovation in China},
  journal                 = {Strategic Management Journal},
  year                    = {2020},
  volume                  = {41},
  number                  = {12},
  pages                   = {2234-2260},
  note                    = {cited By 2},
  affiliation             = {Faculty of Business and Economics, University of Hong Kong, Pokfulam, Hong Kong},
  correspondence_address1 = {Zheng, Y.; Faculty of Business and Economics, Hong Kong; email: yz2010@hku.hk},
  coden                   = {SMAJD},
  language                = {English},
  Abbrev_Source_Title     = {Strategic Manage J},
  document_type           = {Article},
  source                  = {Scopus}
}

@article{gupta2020802,
  author              = {Gupta, V.K. and Mortal, S. and Chakrabarty, B. and Guo, X. and Turban, D.B.},
  Title               = {CFO Gender and Financial Statement Irregularities},
  journal             = {Academy of Management Journal},
  year                = {2020},
  volume              = {63},
  number              = {3},
  pages               = {802-831},
  note                = {cited By 14},
  affiliation         = {Department of Management, Culverhouse College of Business, University of Alabama, United States; Saint Louis University, United States; Department of Management, Robert J. Trulaske, Sr. College of Business, University of Missouri, United States},
  language            = {English},
  Abbrev_Source_title = {Acad. Manage. J.},
  document_type       = {Article},
  source              = {Scopus}
}

@article{jia2020290,
  author                  = {Jia, Y. and Gao, X. and Julian, S.},
  Title                   = {Do Firms Use Corporate Social Responsibility to Insure Against Stock Price Risk? Evidence from a Natural Experiment},
  journal                 = {Strategic Management Journal},
  year                    = {2020},
  volume                  = {41},
  number                  = {2},
  pages                   = {290-307},
  note                    = {cited By 15},
  affiliation             = {Ivy College of Business, Iowa State University, Ames, IA, United States; Carson College of Business, Washington State University, Pullman, WA, United States; Mike IIitch School of Business, Wayne State University, Detroit, MI, United States},
  correspondence_address1 = {Jia, Y.; Ivy College of Business, United States; email: yonghong@iastate.edu},
  coden                   = {SMAJD},
  language                = {English},
  Abbrev_Source_Title     = {Strategic Manage J},
  document_type           = {Article},
  source                  = {Scopus}
}

@article{birhanu2020,
  author                  = {Gedefaw Birhanu, A. and Wezel, F.C.},
  Title                   = {The Competitive Advantage of Affiliation with Business Groups in the Political Environment: Evidence from the Arab Spring},
  journal                 = {Strategic Organization},
  year                    = {2020},
  note                    = {cited By 3},
  affiliation             = {emlyon business school, France; Lugano, Switzerland},
  correspondence_address1 = {Gedefaw Birhanu, A.; emlyon business schoolFrance; email: birhanu@em-lyon.com},
  language                = {English},
  Abbrev_Source_Title     = {Strateg. Organ.},
  document_type           = {Article},
  source                  = {Scopus}
}

@article{zhang2020,
  author                  = {Zhang, Y. and Li, J. and Tong, T.W.},
  Title                   = {Platform Governance Matters: How Platform Gatekeeping Affects Knowledge Sharing among Complementors},
  journal                 = {Strategic Management Journal},
  year                    = {2020},
  note                    = {cited By 15},
  affiliation             = {Freeman School of Business, Tulane University, New Orleans, LA, United States; McIntire School of Commerce, University of Virginia, Charlottesville, VA, United States; Leeds School of Business, University of Colorado Boulder, Boulder, CO, United States},
  correspondence_address1 = {Tong, T.W.; Leeds School of Business, United States; email: tony.tong@colorado.edu},
  coden                   = {SMAJD},
  language                = {English},
  Abbrev_Source_Title     = {Strategic Manage J},
  document_type           = {Article},
  source                  = {Scopus}
}

@article{kang20201300,
  author              = {Kang, J.-K. and Kim, J.},
  Title               = {Do Family Firms Invest More Than Nonfamily Firms in Employee-Friendly Policies?},
  journal             = {Management Science},
  year                = {2020},
  volume              = {66},
  number              = {3},
  pages               = {1300-1324},
  note                = {cited By 8},
  affiliation         = {Division of Banking and Finance, Nanyang Business School, Nanyang Technological University, Singapore, 639798, Singapore; School of Accounting and Finance, Hong Kong Polytechnic University, Hong Kong},
  coden               = {MSCIA},
  language            = {English},
  Abbrev_Source_title = {Manage Sci},
  document_type       = {Article},
  source              = {Scopus}
}

@article{li2020271,
  author              = {Li, J. and Netessine, S.},
  Title               = {Higher Market Thickness Reduces Matching Rate in Online Platforms: Evidence from a Quasiexperiment},
  journal             = {Management Science},
  year                = {2020},
  volume              = {66},
  number              = {1},
  pages               = {271-289},
  note                = {cited By 11},
  affiliation         = {Ross School of Business, University of Michigan, Ann Arbor, MI  48109, United States; Wharton School, University of Pennsylvania, Philadelphia, PA  19104-6373, United States},
  coden               = {MSCIA},
  language            = {English},
  Abbrev_Source_title = {Manage Sci},
  document_type       = {Article},
  source              = {Scopus}
}

@article{kerr2020334,
  author              = {Kerr, J. and Sadka, G. and Sadka, R.},
  Title               = {Illiquidity and Price Informativeness},
  journal             = {Management Science},
  year                = {2020},
  volume              = {66},
  number              = {1},
  pages               = {334-351},
  note                = {cited By 6},
  affiliation         = {Accounting and Management Information Systems, Ohio State University, Columbus, OH  43210, United States; Department of Accounting, University of Texas at Dallas, Dallas, TX  75080, United States; Department of Finance, Carroll School of Management, Boston College, Boston, MA  02467, United States},
  coden               = {MSCIA},
  language            = {English},
  Abbrev_Source_title = {Manage Sci},
  document_type       = {Article},
  source              = {Scopus}
}

@article{qian20192271,
  author                  = {Qian, C. and Lu, L.Y. and Yu, Y.},
  Title                   = {Financial Analyst Coverage and Corporate Social Performance: Evidence from Natural Experiments},
  journal                 = {Strategic Management Journal},
  year                    = {2019},
  volume                  = {40},
  number                  = {13},
  pages                   = {2271-2286},
  note                    = {cited By 10},
  affiliation             = {Naveen Jindal School of Business, University of Texas at Dallas, Richardson, TX, United States; Research School of Accounting, Australian National University, Canberra, Australia; Department of Accountancy, City University of Hong Kong, Kowloon Tong, Hong Kong},
  correspondence_address1 = {Qian, C.; Naveen Jindal School of Business, United States; email: cuili.qian@utdallas.edu},
  coden                   = {SMAJD},
  language                = {English},
  Abbrev_Source_Title     = {Strategic Manage J},
  document_type           = {Article},
  source                  = {Scopus}
}

@article{byun20191368,
  author              = {Byun, H. and Raffiee, J. and Ganco, M.},
  Title               = {Discontinuities in the Value of Relational Capital: The Effects on Employee Entrepreneurship and Mobility},
  journal             = {Organization Science},
  year                = {2019},
  volume              = {30},
  number              = {6},
  pages               = {1368-1393},
  note                = {cited By 7},
  affiliation         = {Krannert School of Management, Purdue University, West Lafayette, IN  47907, United States; Department of Management and Organization, Marshall School of Business, University of Southern California, Los Angeles, CA  90089, United States; Department of Management and Human Resources, Wisconsin School of Business, University of Wisconsin-Madison, Madison, WI  53706, United States},
  language            = {English},
  Abbrev_Source_title = {Organ. Sci.},
  document_type       = {Article},
  source              = {Scopus}
}

@article{krishnan20194522,
  author              = {Krishnan, K. and Wang, P.},
  Title               = {The Cost of Financing Education: Can Student Debt Hinder Entrepreneurship?},
  journal             = {Management Science},
  year                = {2019},
  volume              = {65},
  number              = {10},
  pages               = {4522-4554},
  note                = {cited By 8},
  affiliation         = {D’Amore-McKim School of Business, Northeastern University, Boston, MA  02115, United States; Finance Department, Muma College of Business, University of South Florida, Tampa, FL  33620, United States},
  coden               = {MSCIA},
  language            = {English},
  Abbrev_Source_title = {Manage Sci},
  document_type       = {Article},
  source              = {Scopus}
}

@article{li20194011,
  author              = {Li, S. and Zhan, X.},
  Title               = {Product Market Threats and Stock Crash Risk},
  journal             = {Management Science},
  year                = {2019},
  volume              = {65},
  number              = {9},
  pages               = {4011-4031},
  note                = {cited By 21},
  affiliation         = {Financial Services Research Centre, Lazaridis School of Business and Economics, Wilfrid Laurier University, Waterloo, ON  N2L 3C5, Canada; CUHK Business School, Chinese University of Hong Kong, Shatin, Hong Kong},
  coden               = {MSCIA},
  language            = {English},
  Abbrev_Source_title = {Manage Sci},
  document_type       = {Article},
  source              = {Scopus}
}

@article{natarajan20191070,
  author                  = {Natarajan, S. and Mahmood, I.P. and Mitchell, W.},
  Title                   = {Middle Management Involvement in Resource Allocation: The Evolution of Automated Teller Machines and Bank Branches in India},
  journal                 = {Strategic Management Journal},
  year                    = {2019},
  volume                  = {40},
  number                  = {7},
  pages                   = {1070-1096},
  note                    = {cited By 2},
  affiliation             = {Department of Strategy and Policy, NUS Business School, National University of Singapore, Singapore; Rotman School of Management, University of Toronto, Toronto, ON, Canada},
  correspondence_address1 = {Mahmood, I.P.; Department of Strategy and Policy, Singapore; email: pasha.mahmood@nus.edu.sg},
  coden                   = {SMAJD},
  language                = {English},
  Abbrev_Source_Title     = {Strategic Manage J},
  document_type           = {Article},
  source                  = {Scopus}
}

@article{cai2019159,
  author                  = {Cai, J. and Shi, G.},
  Title                   = {Do Religious Norms Influence Corporate Debt Financing?},
  journal                 = {Journal of Business Ethics},
  year                    = {2019},
  volume                  = {157},
  number                  = {1},
  pages                   = {159-182},
  note                    = {cited By 11},
  affiliation             = {LeBow College of Business, Drexel University, Philadelphia, PA  19103, United States; Antai College of Economics and Management, Shanghai Jiao Tong University, Shanghai, China},
  correspondence_address1 = {Cai, J.; LeBow College of Business, United States; email: jaycai@drexel.edu},
  language                = {English},
  Abbrev_Source_Title     = {J. Bus. Ethics},
  document_type           = {Article},
  source                  = {Scopus}
}

@article{cui20191216,
  author                  = {Cui, R. and Zhang, D.J. and Bassamboo, A.},
  Title                   = {Learning from Inventory Availability Information: Evidence from Field Experiments on Amazon},
  journal                 = {Management Science},
  year                    = {2019},
  volume                  = {65},
  number                  = {3},
  pages                   = {1216-1235},
  note                    = {cited By 27},
  affiliation             = {Goizueta Business School, Emory University, Atlanta, GA  30322, United States; Olin Business School, Washington University in St. Louis, St. Louis, MO  63130, United States; Kellogg School of Management, Northwestern University, Evanston, IL  60208, United States},
  correspondence_address1 = {Cui, R.; Goizueta Business School, United States; email: ruomeng.cui@emory.edu},
  coden                   = {MSCIA},
  language                = {English},
  Abbrev_Source_Title     = {Manage Sci},
  document_type           = {Article},
  source                  = {Scopus}
}

@article{choudhury2019203,
  author                  = {Choudhury, P. and Kim, D.Y.},
  Title                   = {The Ethnic Migrant Inventor Effect: Codification and Recombination of Knowledge Across Borders},
  journal                 = {Strategic Management Journal},
  year                    = {2019},
  volume                  = {40},
  number                  = {2},
  pages                   = {203-229},
  note                    = {cited By 18},
  affiliation             = {Harvard Business School, Boston, MA, United States},
  correspondence_address1 = {Choudhury, P.; Harvard Business SchoolUnited States; email: pchoudhury@hbs.edu},
  coden                   = {SMAJD},
  language                = {English},
  Abbrev_Source_Title     = {Strategic Manage J},
  document_type           = {Article},
  source                  = {Scopus}
}

@article{ke2019439,
  author              = {Ke, R. and Li, M. and Ling, Z. and Zhang, Y.},
  Title               = {Social Connections Within Executive Teams and Management Forecasts},
  journal             = {Management Science},
  year                = {2019},
  volume              = {65},
  number              = {1},
  pages               = {439-457},
  note                = {cited By 14},
  affiliation         = {Cox School of Business, Southern Methodist University, Dallas, TX  75275, United States; Naveen Jindal School of Management, University of Texas at Dallas, Richardson, TX  75080, United States; Debbie and Jerry Ivy College of Business, Iowa State University, Ames, IA  50011, United States},
  coden               = {MSCIA},
  language            = {English},
  Abbrev_Source_title = {Manage Sci},
  document_type       = {Article},
  source              = {Scopus}
}

@article{gilje20191,
  author                  = {Gilje, E.P.},
  Title                   = {Does Local Access to Finance Matter? Evidence from U.S. Oil and Natural Gas Shale Booms},
  journal                 = {Management Science},
  year                    = {2019},
  volume                  = {65},
  number                  = {1},
  pages                   = {1-18},
  note                    = {cited By 16},
  affiliation             = {Wharton School, University of Pennsylvania, Philadelphia, PA  19104, United States},
  correspondence_address1 = {Gilje, E.P.; Wharton School, United States; email: gilje@wharton.upenn.edu},
  coden                   = {MSCIA},
  language                = {English},
  Abbrev_Source_Title     = {Manage Sci},
  document_type           = {Article},
  source                  = {Scopus}
}

@article{koh20185725,
  author              = {Koh, P.-S. and Reeb, D.M. and Zhao, W.},
  Title               = {CEO Confidence and Unreported R\&D},
  journal             = {Management Science},
  year                = {2018},
  pages               = {5725-5747},
  note                = {cited By 25},
  affiliation         = {ESSEC Business School, Singapore, 139408, Singapore; NUS Business School, National University of Singapore, Singapore, 119245, Singapore; College of Business, Southern Illinois University, Carbondale, Il  62901, United States; Hanqing Advanced Institute of Economics and Finance, Renmin University of China, Bejiing, 100872, China},
  coden               = {MSCIA},
  language            = {English},
  Abbrev_Source_title = {Manage Sci},
  document_type       = {Article},
  source              = {Scopus}
}

@article{iverson20185370,
  author                  = {Iverson, B.},
  Title                   = {Get in Line: Chapter 11 Restructuring in Crowded Bankruptcy Courts},
  journal                 = {Management Science},
  year                    = {2018},
  volume                  = {64},
  number                  = {11},
  pages                   = {5370-5394},
  note                    = {cited By 16},
  affiliation             = {Marriott School of Management, Brigham Young University, Provo, UT  84602, United States; Kellogg School of Management, Northwestern University, Evanston, IL  60208, United States},
  correspondence_address1 = {Iverson, B.; Marriott School of Management, United States; email: biverson@byu.edu},
  coden                   = {MSCIA},
  language                = {English},
  Abbrev_Source_Title     = {Manage Sci},
  document_type           = {Article},
  source                  = {Scopus}
}

@article{tham20182901,
  author              = {Tham, W.W. and Sojli, E. and Skjeltorp, J.A.},
  Title               = {Cross-Sided Liquidity Externalities},
  journal             = {Management Science},
  year                = {2018},
  volume              = {64},
  number              = {6},
  pages               = {2901-2929},
  note                = {cited By 3},
  affiliation         = {School of Banking and Finance, Australian Business School, University of New South Wales, Sydney, NSW  2052, Australia; Erasmus University Rotterdam, Rotterdam, 3062 PA, Netherlands; Norges Bank, Oslo, 0107, Norway},
  coden               = {MSCIA},
  language            = {English},
  Abbrev_Source_title = {Manage Sci},
  document_type       = {Conference Paper},
  source              = {Scopus}
}

@article{ramírez20181496,
  author                  = {Ramírez, C. and Tarziján, J.},
  Title                   = {Stakeholder Value Appropriation: The Case of Labor in the Worldwide Mining Industry},
  journal                 = {Strategic Management Journal},
  year                    = {2018},
  volume                  = {39},
  number                  = {5},
  pages                   = {1496-1525},
  note                    = {cited By 5},
  affiliation             = {School of Management, Pontificia Universidad Catolica de Chile, Santiago, Chile},
  correspondence_address1 = {Tarziján, J.; School of Management, Chile; email: jtarzija@uc.cl},
  coden                   = {SMAJD},
  language                = {English},
  Abbrev_Source_Title     = {Strategic Manage J},
  document_type           = {Article},
  source                  = {Scopus}
}

@article{chen20181239,
  author                  = {Chen, J.S. and Garg, P.},
  Title                   = {Dancing with the Stars: Benefits of a Star Employee’S Temporary Absence for Organizational Performance},
  journal                 = {Strategic Management Journal},
  year                    = {2018},
  volume                  = {39},
  number                  = {5},
  pages                   = {1239-1267},
  note                    = {cited By 19},
  affiliation             = {Department of Management, Warrington College of Business Administration, University of Florida, Gainesville, FL, United States; Strategy Area, Indian Institute of Management Bangalore, Bangalore, Karnataka, India},
  correspondence_address1 = {Garg, P.; Strategy Area, India; email: gargp@iimb.ac.in},
  coden                   = {SMAJD},
  language                = {English},
  Abbrev_Source_Title     = {Strategic Manage J},
  document_type           = {Article},
  source                  = {Scopus}
}

@article{johnson20181055,
  author              = {Johnson, T.L. and So, E.C.},
  Title               = {A Simple Multimarket Measure of Information Asymmetry},
  journal             = {Management Science},
  year                = {2018},
  volume              = {64},
  number              = {3},
  pages               = {1055-1080},
  note                = {cited By 21},
  affiliation         = {McCombs School of Business, University of Texas at Austin, Austin, TX  78712, United States; Sloan School of Management, Massachusetts Institute of Technology, Cambridge, MA  02142, United States},
  coden               = {MSCIA},
  language            = {English},
  Abbrev_Source_title = {Manage Sci},
  document_type       = {Conference Paper},
  source              = {Scopus}
}

@article{micelotta20171885,
  author                  = {Micelotta, E. and Lounsbury, M. and Greenwood, R.},
  Title                   = {Pathways of Institutional Change: An Integrative Review and Research Agenda},
  journal                 = {Journal of Management},
  year                    = {2017},
  volume                  = {43},
  number                  = {6},
  pages                   = {1885-1910},
  note                    = {cited By 127},
  affiliation             = {University of New Mexico, United States; University of Alberta, Canada},
  correspondence_address1 = {Micelotta, E.; University of New Mexico, 1924 Las Lomas NE, United States; email: emicelotta@unm.edu},
  coden                   = {JOMAD},
  language                = {English},
  Abbrev_Source_Title     = {J. Manage.},
  document_type           = {Article},
  source                  = {Scopus}
}

@article{mahmood20171082,
  author                  = {Mahmood, I.P. and Zhu, H. and Zaheer, A.},
  Title                   = {Centralization of Intragroup Equity Ties and Performance of Business Group Affiliates},
  journal                 = {Strategic Management Journal},
  year                    = {2017},
  volume                  = {38},
  number                  = {5},
  pages                   = {1082-1100},
  note                    = {cited By 19},
  affiliation             = {Department of Strategy and Policy, National University of Singapore Business School, Singapore; Strategic Management, DeGroote School of Business, McMaster University, Hamilton, ON, Canada; Management and Organization, Carlson School of Management, University of Minnesota, Minneapolis, MN, United States},
  correspondence_address1 = {Mahmood, I.P.; Department of Strategy and Policy, Singapore; email: bizipm@nus.edu.sg},
  coden                   = {SMAJD},
  language                = {English},
  Abbrev_Source_Title     = {Strategic Manage J},
  document_type           = {Article},
  source                  = {Scopus}
}

@article{wang20162393,
  author                  = {Wang, H. and Zhao, S. and He, J.},
  Title                   = {Increase in Takeover Protection and Firm Knowledge Accumulation Strategy},
  journal                 = {Strategic Management Journal},
  year                    = {2016},
  volume                  = {37},
  number                  = {12},
  pages                   = {2393-2412},
  note                    = {cited By 16},
  affiliation             = {Strategy \& Organization, Lee Kong Chian School of Business, Singapore Management University, Singapore; Grenoble Ecole de Management, Grenoble, France; Department of Management, Hong Kong University of Science \& Technology, Hong Kong},
  correspondence_address1 = {Wang, H.; Strategy \& Organization, Singapore; email: hlwang@smu.edu.sg},
  coden                   = {SMAJD},
  language                = {English},
  Abbrev_Source_Title     = {Strategic Manage J},
  document_type           = {Article},
  source                  = {Scopus}
}

@article{corbo2016323,
  author                  = {Corbo, L. and Corrado, R. and Ferriani, S.},
  Title                   = {A New Order of Things: Network Mechanisms of Field Evolution in the Aftermath of an Exogenous Shock},
  journal                 = {Organization Studies},
  year                    = {2016},
  volume                  = {37},
  number                  = {3},
  pages                   = {323-348},
  note                    = {cited By 29},
  affiliation             = {Universidade Católica Portuguesa, Portugal; LUISS Guido Carli University, Italy; University of Bologna, Italy; City University London, United Kingdom},
  correspondence_address1 = {Corbo, L.; School of Economics and Management, Rua de Diogo Botelho 1327, Portugal; email: lcorbo@porto.ucp.pt},
  language                = {English},
  Abbrev_Source_Title     = {Organ. Stud.},
  document_type           = {Article},
  source                  = {Scopus}
}

@article{chatterji2016447,
  author                  = {Chatterji, A.K. and Fabrizio, K.R.},
  Title                   = {Does the Market for Ideas Influence the Rate and Direction of Innovative Activity? Evidence from the Medical Device Industry},
  journal                 = {Strategic Management Journal},
  year                    = {2016},
  volume                  = {37},
  number                  = {3},
  pages                   = {447-465},
  note                    = {cited By 15},
  affiliation             = {Strategy Group, Fuqua School of Business, Duke University, 100 Fuqua Drive, Box 90120, Durham, NC  27708, United States; Strategy and Innovation Group, School of Management, Boston University, Boston, MA, United States},
  correspondence_address1 = {Chatterji, A.K.; Strategy Group, 100 Fuqua Drive, Box 90120, United States; email: ronnie@duke.edu},
  coden                   = {SMAJD},
  language                = {English},
  Abbrev_Source_Title     = {Strategic Manage J},
  document_type           = {Article},
  source                  = {Scopus}
}

@article{debettignies20151849,
  author              = {De Bettignies, J.-E. and Duchêne, A.},
  Title               = {Product Market Competition and the Financing of New Ventures},
  journal             = {Management Science},
  year                = {2015},
  volume              = {61},
  number              = {8},
  pages               = {1849-1867},
  note                = {cited By 10},
  affiliation         = {Queen's School of Business, Queen's University, Kingston, ON  K7L 3N6, Canada; IPAG Business School, Paris, 75006, France; Lebow School of Business, Drexel University, Philadelphia, PA  19104, United States},
  coden               = {MSCIA},
  language            = {English},
  Abbrev_Source_title = {Manage Sci},
  document_type       = {Article},
  source              = {Scopus}
}

@article{chown2015177,
  author                  = {Chown, J.D. and Liu, C.C.},
  Title                   = {Geography and Power in an Organizational Forum: Evidence from the U.S. Senate Chamber},
  journal                 = {Strategic Management Journal},
  year                    = {2015},
  volume                  = {36},
  number                  = {2},
  pages                   = {177-196},
  note                    = {cited By 18},
  affiliation             = {Rotman School of Management, University of Toronto, 105 St. George Street, Toronto, ON  M5S 3E6, Canada},
  correspondence_address1 = {Liu, C.C.; Rotman School of Management, 105 St. George Street, Canada},
  coden                   = {SMAJD},
  language                = {English},
  Abbrev_Source_Title     = {Strategic Manage J},
  document_type           = {Article},
  source                  = {Scopus}
}

@article{drexler20142722,
  author                  = {Drexler, A. and Schoar, A.},
  Title                   = {Do Relationships Matter? Evidence from Loan Officer Turnover},
  journal                 = {Management Science},
  year                    = {2014},
  volume                  = {60},
  number                  = {11},
  pages                   = {2722-2736},
  note                    = {cited By 28},
  affiliation             = {Federal Reserve Bank of Chicago, Chicago, IL  60604, United States; McCombs School of Business, University of Texas at Austin, Austin, TX  78705, United States; Sloan School of Management, Massachusetts Institute of Technology, Cambridge, MA  02139, United States; National Bureau of Economic Research, Cambridge, MA  02138, United States; Ideas42, New York, NY  10004, United States},
  correspondence_address1 = {Drexler, A.; Federal Reserve Bank of ChicagoUnited States},
  coden                   = {MSCIA},
  language                = {English},
  Abbrev_Source_Title     = {Manage Sci},
  document_type           = {Article},
  source                  = {Scopus}
}

@article{tan20141574,
  author              = {Tan, T.F. and Netessine, S.},
  Title               = {When Does the Devil Make Work? an Empirical Study of the Impact of Workload on Worker Productivity},
  journal             = {Management Science},
  year                = {2014},
  volume              = {60},
  number              = {6},
  pages               = {1574-1593},
  note                = {cited By 112},
  affiliation         = {Cox Business School, Southern Methodist University, Dallas, TX 75275, United States; INSEAD, Singapore 138676, Singapore},
  coden               = {MSCIA},
  language            = {English},
  Abbrev_Source_title = {Manage Sci},
  document_type       = {Article},
  source              = {Scopus}
}

@article{barreto2013687,
  author                  = {Barreto, I. and Patient, D.L.},
  Title                   = {Toward a Theory of Intraorganizational Attention Based on Desirability and Feasibility Factors},
  journal                 = {Strategic Management Journal},
  year                    = {2013},
  volume                  = {34},
  number                  = {6},
  pages                   = {687-703},
  note                    = {cited By 44},
  affiliation             = {Catõlica Lisbon School of Business and Economics, Universidade Catõlica Portuguesa, Palma de Cima, Lisboa 1649 - 023, Portugal},
  correspondence_address1 = {Barreto, I.; Catõlica Lisbon School of Business and Economics, Palma de Cima, Lisboa 1649 - 023, Portugal; email: iba@ucp.pt},
  coden                   = {SMAJD},
  language                = {English},
  Abbrev_Source_Title     = {Strategic Manage J},
  document_type           = {Article},
  source                  = {Scopus}
}

@article{vergne20121027,
  author                  = {Vergne, J.-P.},
  Title                   = {Stigmatized Categories and Public Disapproval of Organizations: A Mixed-Methods Study of the Global Arms Industry, 1996-2007},
  journal                 = {Academy of Management Journal},
  year                    = {2012},
  volume                  = {55},
  number                  = {5},
  pages                   = {1027-1052},
  note                    = {cited By 179},
  affiliation             = {Western University, Canada},
  correspondence_address1 = {Vergne, J.-P.; Western UniversityCanada; email: jvergne@ivey.ca},
  language                = {English},
  Abbrev_Source_Title     = {Acad. Manage. J.},
  document_type           = {Article},
  source                  = {Scopus}
}

@article{li20111119,
  author                  = {Li, S. and Tallman, S.},
  Title                   = {Mnc Strategies, Exogenous Shocks, and Performance Outcomes},
  journal                 = {Strategic Management Journal},
  year                    = {2011},
  volume                  = {32},
  number                  = {10},
  pages                   = {1119-1127},
  note                    = {cited By 41},
  affiliation             = {University of Wisconsin-Milwaukee, Sheldon Lubar School of Business, 3202 N. Maryland Ave., Milwaukee, WI 53201, United States; University of Richmond, Robins School of Business, Richmond, VA, United States},
  correspondence_address1 = {Li, S.; University of Wisconsin-Milwaukee, 3202 N. Maryland Ave., Milwaukee, WI 53201, United States; email: li9@uwm.edu},
  coden                   = {SMAJD},
  language                = {English},
  Abbrev_Source_Title     = {Strategic Manage J},
  document_type           = {Review},
  source                  = {Scopus}
}

@article{chatterji2010917,
  author                  = {Chatterji, A.K. and Toffel, M.W.},
  Title                   = {How Firms Respond to Being Rated},
  journal                 = {Strategic Management Journal},
  year                    = {2010},
  volume                  = {31},
  number                  = {9},
  pages                   = {917-945},
  note                    = {cited By 253},
  affiliation             = {Fuqua School of Business, Duke University, Durham, NC, United States; Harvard Business School, Boston, MA, United States},
  correspondence_address1 = {Toffel, M. W.; Harvard Business School, , Boston, MA 02163, United States; email: mtoffel@hbs.edu},
  coden                   = {SMAJD},
  language                = {English},
  Abbrev_Source_Title     = {Strategic Manage J},
  document_type           = {Article},
  source                  = {Scopus}
}

@article{jenkins2010884,
  author                  = {Jenkins, M.},
  Title                   = {Technological Discontinuities and Competitive Advantage: A Historical Perspective on Formula 1 Motor Racing 1950-2006},
  journal                 = {Journal of Management Studies},
  year                    = {2010},
  volume                  = {47},
  number                  = {5},
  pages                   = {884-910},
  note                    = {cited By 38},
  affiliation             = {Cranfield School of Management, United Kingdom},
  correspondence_address1 = {Jenkins, M.; Cranfield School of Management, Cranfield, Bedfordshire MK43 0AL, United Kingdom; email: mark.jenkins@cranfield.ac.uk},
  language                = {English},
  Abbrev_Source_Title     = {J. Manage. Stud.},
  document_type           = {Article},
  source                  = {Scopus}
}

@article{mcsweeney2009933,
  author                  = {McSweeney, B.},
  Title                   = {Dynamic Diversity: Variety and Variation Within Countries},
  journal                 = {Organization Studies},
  year                    = {2009},
  volume                  = {30},
  number                  = {9},
  pages                   = {933-957},
  note                    = {cited By 121},
  affiliation             = {Royal Holloway, University of London, Egham Hill, Egham TW20 0EX, United Kingdom},
  correspondence_address1 = {McSweeney, B.; Royal Holloway, Egham Hill, Egham TW20 0EX, United Kingdom; email: brendanmcsweeney@googlemail.com},
  language                = {English},
  Abbrev_Source_Title     = {Organ. Stud.},
  document_type           = {Article},
  source                  = {Scopus}
}

@article{tucker20082024,
  author                  = {Tucker, C.},
  Title                   = {Identifying Formal and Informal Influence in Technology Adoption with Network Externalities},
  journal                 = {Management Science},
  year                    = {2008},
  volume                  = {54},
  number                  = {12},
  pages                   = {2024-2038},
  note                    = {cited By 115},
  affiliation             = {MIT Sloan School of Management, Massachusetts Institute of Technology, Cambridge, MA 02142, United States},
  correspondence_address1 = {Tucker, C.; MIT Sloan School of Management, , Cambridge, MA 02142, United States; email: cetucker@mit.edu},
  coden                   = {MSCIA},
  language                = {English},
  Abbrev_Source_Title     = {Manage Sci},
  document_type           = {Article},
  source                  = {Scopus}
}

@article{kriauciunas2006659,
  author                  = {Kriauciunas, A. and Kale, P.},
  Title                   = {The Impact of Socialist Imprinting and Search on Resource Change: A Study of Firms in Lithuania},
  journal                 = {Strategic Management Journal},
  year                    = {2006},
  volume                  = {27},
  number                  = {7},
  pages                   = {659-679},
  note                    = {cited By 127},
  affiliation             = {Krannert School of Management, Purdue University, West Lafayette, IN, United States; Stephen M. Ross School of Business, University of Michigan, Ann Arbor, MI, United States; Stephen M. Ross School of Business, University of Michigan, 701 Tappan St, D4209, Ann Arbor, MI 48109-1234, United States},
  correspondence_address1 = {Kale, P.; Stephen M. Ross School of Business, 701 Tappan St, D4209, Ann Arbor, MI 48109-1234, United States; email: kale@umich.edu},
  coden                   = {SMAJD},
  language                = {English},
  Abbrev_Source_Title     = {Strategic Manage J},
  document_type           = {Article},
  source                  = {Scopus}
}

@article{reikard20051476,
  author                  = {Reikard, G.},
  Title                   = {Endogenous Technical Advance and the Stochastic Trend in Output: A Neoclassical Approach},
  journal                 = {Research Policy},
  year                    = {2005},
  volume                  = {34},
  number                  = {10},
  pages                   = {1476-1490},
  note                    = {cited By 7},
  affiliation             = {Sprint Telecommunications, Overland Park, KS 66211, United States},
  correspondence_address1 = {Reikard, G.; Sprint Telecommunications, Overland Park, KS 66211, United States; email: Reikarsen@msn.com},
  coden                   = {REPYB},
  language                = {English},
  Abbrev_Source_Title     = {Res Policy},
  document_type           = {Article},
  source                  = {Scopus}
}

@article{glynn20051031,
  author                  = {Glynn, M.A. and Lounsbury, M.},
  Title                   = {From the Critics Corner: Logic Blending, Discursive Change and Authenticity in a Cultural Production System},
  journal                 = {Journal of Management Studies},
  year                    = {2005},
  volume                  = {42},
  number                  = {5},
  pages                   = {1031-1055},
  note                    = {cited By 228},
  affiliation             = {Emory University, Atlanta, GA, United States; University of Alberta, Canada; Goizueta Business School, Emory University, 1300 Clifton Road, Atlanta, GA 30322, United States},
  correspondence_address1 = {Glynn, M.A.; Goizueta Business School, 1300 Clifton Road, Atlanta, GA 30322, United States; email: MaryAnn_Glynn@bus.emory.edu},
  language                = {English},
  Abbrev_Source_Title     = {J. Manage. Stud.},
  document_type           = {Review},
  source                  = {Scopus}
}

@article{haveman2001253,
  author              = {Haveman, H.A. and Russo, M.V. and Meyer, A.D.},
  Title               = {Organizational Environments in Flux: The Impact of Regulatory Punctuations on Organizational Domains, CEO Succession, and Performance},
  journal             = {Organization Science},
  year                = {2001},
  volume              = {12},
  number              = {3},
  pages               = {253-273},
  note                = {cited By 122},
  language            = {English},
  Abbrev_Source_title = {Organ. Sci.},
  document_type       = {Article},
  source              = {Scopus}
}

@article{hsu1998,
  author              = {Hsu, J. and Wang, X.-M. and Wu, C.},
  Title               = {The Role of Earnings Information in Corporate Dividend Decisions},
  journal             = {Management Science},
  year                = {1998},
  volume              = {44},
  number              = {12 PART 2},
  pages               = {S173-S191},
  note                = {cited By 5},
  coden               = {MSCIA},
  language            = {English},
  Abbrev_Source_title = {Manage Sci},
  document_type       = {Article},
  source              = {Scopus}
}

@article{uzzi199735,
  author              = {Uzzi, B.},
  Title               = {Social Structure and Competition in Interfirm Networks: The Paradox of Embeddedness},
  journal             = {Administrative Science Quarterly},
  year                = {1997},
  volume              = {42},
  number              = {1},
  pages               = {35-67},
  note                = {cited By 5739},
  coden               = {ASCQA},
  language            = {English},
  Abbrev_Source_title = {Adm. Sci. Q.},
  document_type       = {Article},
  source              = {Scopus}
}
